3232 5248
1241 604 1283 667 te

244 784 390 864 Adiungo
414 781 545 846 schema
568 801 720 844 versuum
745 781 853 844 Sidon.
878 781 909 860 9,
942 779 1016 842 281.
1040 798 1089 856 ep.
1114 778 1180 841 Vlll
1202 780 1233 857 9,
1265 778 1280 841 1

244 899 275 954 et
298 890 372 954 Silv.
397 890 473 968 117,
499 888 533 951 8:

288 1004 566 1063 --ῦυυψψ

688 1267 712 1335 9,
731 1267 847 1322 315-325

290 1362 357 1425 Nos
380 1361 472 1426 valde
496 1360 618 1424 steriles
643 1359 756 1422 modos
780 1357 941 1420 Camenae

291 1469 398 1530 Rarae
422 1466 581 1529 oredimus
605 1465 665 1527 hos
688 1463 840 1543 brevique
865 1459 1005 1539 chartae,

240 1604 242 1610 s
290 1573 379 1650 Quae
404 1570 569 1633 scombros
593 1568 706 1632 merito
726 1573 867 1647 piperque
889 1572 1002 1644 portet.

291 1676 374 1740 Nam
398 1677 547 1758 quisnam
570 1675 649 1736 deus
671 1672 733 1735 hoc
756 1671 844 1734 dabit
867 1667 1013 1746 reiectae,

291 1781 328 1846 Ut
353 1780 403 1846 vel
426 1780 604 1858 suscipiens
627 1779 729 1842 bonos
751 1782 862 1853 odoror,

291 1885 445 1965 Nardum,
470 1904 508 1948 ac
531 1883 661 1964 pinguia
683 1879 895 1946 Nicerotianis

293 1990 381 2066 Quae
403 1994 542 2068 fraprant
566 1987 728 2050 alabastra
750 1987 852 2048 tincta
869 1983 969 2078 sucis,

294 2091 370 2154 Indo
394 2092 566 2154 cinnamon
589 2110 628 2154 ex
652 2111 729 2170 rogo
753 2091 897 2168 petitum,

295 2198 364 2273 Quo
387 2194 531 2258 Phoenix
555 2195 732 2258 iuvenescit
755 2192 939 2270 occidendo

296 2297 438 2378 Comum,
463 2297 710 2377 malobathrum,
736 2317 837 2376 rosas
862 2314 1036 2372 amomum,

296 2404 447 2483 Murram,
473 2414 520 2466 tos
543 2403 851 2483 opobalsamumque
873 2403 982 2462 servet?

666 2522 694 2574 a.
708 2521 778 2588 ive,
794 2520 873 2574 10-13

295 2613 345 2678 Tu.
366 2631 476 2674 rosum
499 2613 592 2676 tineis
612 2590 742 2694 'situque
766 2620 900 2690 putrem,

295 2715 411 2794 Quales
434 2723 490 2777 aut
513 2715 637 2796 Libyeis
661 2716 790 2778 madent
813 2714 903 2777 olivis
1014 2781 1015 2786 γ

215 2837 217 2839 ’
294 2821 359 2882 Aut
381 2831 428 2882 tus
451 2819 607 2882 Niliacum
625 2827 745 2899 piperve
766 2831 883 2882 servant

294 2926 359 2990 Aut
382 2927 592 3007 Byzantiacos
616 2931 689 2988 oleat
712 2925 858 2989 lacertos.
1146 2999 1147 3002 Ἴ

252 3030 298 3095 Cf.
323 3032 419 3094 etiam
445 3029 556 3093 Catull.
581 3032 633 3110 95,
658 3031 687 3094 8.
712 3029 820 3093 Horat.
845 3048 893 3108 ep.
918 3030 942 3091 ll
967 3029 994 3107 1,
1028 3030 1181 3093 eoo-270.
1206 3027 1290 3090 Mar-

252 3135 316 3196 tial.
341 3136 453 3198 11150.
478 3135 519 3198 lV
543 3135 594 3198 86.

668 3291 874 3300 n———.-

713 3408 753 3476 11,
773 3411 835 3464 1-13

195 3578 197 3581 v
296 3501 377 3560 Inter
400 3499 546 3579 Cyaneas
571 3498 738 3580 Ephyraea
762 3499 933 3562 cacumina
955 3480 1074 3578 cautes

299 3608 362 3677 Quo
386 3622 481 3680 super
503 3603 636 3666 Idalium
657 3604 743 3666 levat
766 3603 911 3667 Orithion
934 3604 967 3665 in
990 3603 1135 3666 aethram

298 3705 390 3768 Exesi
414 3706 481 3769 sale
505 3708 621 3770 montis
645 3726 736 3787 apen,
761 3707 816 3769 ubi
839 3706 920 3770 forte
943 3715 1113 3785 vagantem

299 3811 379 3872 llum
401 3808 489 3889 fugit,
514 3818 546 3873 et
568 3811 635 3872 fixit
658 3811 800 3888 trepidus
823 3810 1035 3891 Symplegada
1058 3811 1185 3891 Tiphps³

298 3918 391 3993 Atque
413 3922 632 3977 recurrentem
654 3922 815 3977 ructatum
839 3916 879 3977 ad
902 3934 1002 3979 rauca
1024 3916 1171 3995 Maleam,

298 4021 369 4079 Emit
393 4024 424 4080 ia
447 4018 653 4081 Isthmiacum
677 4018 808 4098 pelagus
831 4019 1052 4083 claudentibus
1076 4021 1134 4084 alis

299 4126 447 4186 Soror-am
470 4124 509 4186 de
532 4147 605 4203 rope
628 4124 730 4203 sinus3
755 4144 818 4205 quo
843 4143 938 4204 saepe
963 4149 1083 4205 recessa,

297 4228 349 4291 Sic
373 4237 528 4310 tanquam
551 4236 618 4292 toto
642 4238 736 4293 coeat
758 4231 797 4293 de
821 4230 939 4294 lumine
963 4231 1052 4311 caeli,
1162 4227 1164 4230 ’

298 4337 425 4395 Artatur·
448 4339 561 4396 collecta
585 4340 650 4406 atter
667 4335 882 4417 tremulasque
906 4355 962 4414 per
985 4341 1081 4397 tradas

1168 4456 1186 4506 4
