3232 5248
335 591 376 654 lt

775 761 799 828 9,
821 760 935 815 191-193

375 850 443 914 Neo
466 869 546 931 quos
572 850 757 930 Euganeum
781 852 896 916 bibens
919 852 1088 914 Timavum

378 953 464 1018 Colle
488 954 671 1019 Antenoreo
695 955 823 1019 videbat
846 975 948 1036 augur

379 1063 468 1122 Divos
493 1063 686 1123 'Iliessolicum
708 1079 837 1125 movere
854 1085 997 1142 poprium.

482 1164 536 1243 [De
560 1163 689 1228 Luoano
713 1173 808 1243 poeta
830 1181 854 1247 9,
873 1166 998 1246 236-238]

380 1269 525 1348 Pugnam
546 1269 658 1332 tertius
681 1268 732 1333 ille
755 1268 909 1333 Gallicani

378 1373 460 1434 Dixit
483 1369 639 1454 Caesaris
663 1381 699 1436 ut
721 1392 818 1454 gener
841 1393 996 1456 socerque

379 1475 522 1556 Cognata
543 1477 725 1556 impulerint
746 1479 780 1543 in
803 1503 889 1541 arria
912 1480 1058 1542 Romam.

751 1598 778 1651 S.
796 1598 862 1661 117,
881 1597 961 1652 64-69

379 1686 454 1748 Mox
477 1696 592 1765 coepta
614 1688 798 1766 generosior
819 1689 951 1751 inventa

381 1789 479 1852 Albos
503 1791 630 1853 ossibus
653 1791 737 1854 Italis
761 1791 923 1871 Philippos

384 1894 421 1956 Et
445 1899 621 1957 Pharsalico
644 1901 716 1958 bella
739 1896 917 1976 detonabiS,

289 1983 291 1988 ⁸
380 1999 470 2077 Quod
494 1998 614 2063 fulmen
637 1991 726 2064 dunis
750 2002 832 2065 inter
855 2025 942 2064 armo
965 2007 1033 2081 divi,

381 2103 539 2168 Libertate
562 2124 693 2185 gravem
716 2107 768 2186 pia
791 2106 946 2180 Catonem

381 2208 418 2270 Et
440 2217 564 2288 gratum
589 2211 799 2290 popularitate
822 2211 983 2291 Magnum.

339 2311 487 2376 Ceterum
500 2332 540 2376 ne
560 2315 630 2394 quis
643 2313 723 2378 forte
740 2315 835 2395 dicat,
859 2333 911 2379 me
925 2315 1034 2394 nimio,
1060 2313 1154 2394 quale
1171 2312 1236 2376 lere
1252 2315 1284 2375 in
1308 2315 1377 2376 eius

339 2419 424 2481 modi
467 2419 563 2482 rebus
602 2419 723 2499 evenit,
767 2419 980 2499 investigandi
1019 2419 1122 2480 studio
1161 2419 1205 2480 ibi
1249 2436 1377 2500 qnoque

338 2524 484 2601 posuisse
513 2523 733 2602 imitationem,
766 2523 820 2586 ubi
849 2542 927 2586 casu
960 2523 1182 2586 tantummodo
1213 2523 1378 2603 utriusque

338 2627 438 2690 verba
461 2637 653 2707 congruant:
689 2629 721 2690 id
744 2647 844 2690 unum
873 2647 935 2691 non
961 2627 1085 2690 silentio
1114 2627 1376 2706 praetermittam,

339 2740 370 2794 et
383 2733 503 2796 Sidonii
520 2741 551 2797 et
566 2733 669 2806 Statii,
696 2752 776 2815 quos
792 2733 888 2795 modo
904 2734 987 2796 inter
999 2752 1033 2796 se
1046 2733 1241 2811 comparavi,
1255 2750 1377 2809 versuo,

339 2857 379 2900 ex
401 2857 466 2900 uno
489 2838 666 2919 eodemque
690 2838 832 2901 carmine
863 2837 985 2921 (Sidon.
1009 2839 1030 2902 9
1053 2845 1085 2900 et
1108 2835 1182 2900 Silv.
1215 2837 1239 2898 ll
1263 2834 1296 2920 7)
1324 2837 1378 2899 de-

339 2950 503 3021 promptos
533 2961 613 3024 esse,
643 2943 727 3024 quod
759 2929 886 3024 quidem
918 2943 958 3006 ad
989 2943 1146 3006 rationem
1176 2940 1262 3003 illam
1294 2948 1379 3004 reote

338 3048 571 3110 aestimandam
595 3048 727 3111 maximi
750 3048 827 3110 mihi
850 3049 974 3111 videtur
997 3065 1068 3110 esse
1091 3047 1254 3110 momenti.

788 3309 812 3374 o,
831 3305 929 3360 sis-102

382 3393 454 3456 Non
477 3393 529 3457 hio
553 3399 641 3456 Elida
664 3394 803 3458 nobilem
827 3396 987 3477 quadrigis

383 3496 449 3561 Neo
474 3505 584 3562 nolam
608 3499 713 3562 minus
737 3507 833 3562 omnis
856 3519 895 3562 ex
918 3522 1016 3562 errrore

382 3601 486 3666 Versu
509 3621 694 3685 prosequar,
720 3611 754 3666 ut
777 3621 834 3682 per
856 3604 922 3666 ima
939 3610 1025 3682 ponti

384 3713 512 3788 Alpheus
535 3710 621 3788 lluat,
646 3718 742 3791 atque
765 3709 981 3772 transmarina

382 3814 417 3876 ln
438 3819 544 3891 siricius
567 3815 662 3877 oadal
684 3819 765 3876 undu
789 3819 958 3894 coiziupolea

747 3915 773 3968 s,
793 3915 804 3966 1
822 3917 846 3982 a,
865 3913 982 3969 203-208

778 4004 903 4067 Nitidae
927 4005 973 4065 sio
996 4001 1161 4081 transfuga
1184 4002 1276 4062 Pisae

385 4115 489 4172 Amnis
512 4110 544 4172 in
568 4118 717 4174 externos
740 4110 832 4188 longe
856 4109 1039 4172 flammatus
1062 4130 1175 4170 amores

385 4215 533 4278 Flumina
555 4216 701 4278 demerso
724 4213 822 4276 trahit
845 4215 1036 4278 intemerata
1058 4211 1171 4292 canali,

385 4323 491 4384 Donec
514 4320 659 4383 Sicanios
682 4318 812 4381 tandem
836 4316 976 4396 prolatus
999 4315 1115 4380 anhelo
