3232 5248
686 752 898 822 suzam

317 841 437 906 Natum
462 843 607 924 protinus
631 850 727 925 atque
749 843 889 920 humum
907 862 963 923 per
985 844 1089 924 ipsam

318 953 419 1011 Primo
442 967 605 1014 murmure
629 947 720 1012 dulce
744 949 926 1029 vagientem

316 1053 437 1117 Blando
461 1051 600 1132 Calliope
622 1059 689 1117 stne
711 1060 825 1134 recepit.

658 1173 685 1226 s
704 1172 738 1224 m
757 1175 780 1240 1,
799 1171 921 1228 177-179.

317 1263 440 1326 Rursus
463 1269 494 1326 et
517 1281 557 1326 ex
578 1261 638 1325 illis
661 1261 787 1327 soboles
810 1282 896 1326 nova
919 1281 1059 1344 grexque
1081 1271 1249 1343 protervus

319 1366 411 1429 Nunc
434 1367 553 1432 umeris
576 1368 699 1447 inreptet
721 1367 774 1430 avi
797 1386 884 1430 nunc
907 1368 1033 1448 agmine
1056 1367 1174 1433 blando

319 1468 471 1535 Certatim
495 1471 638 1551 placidae
662 1481 834 1536 concurrat
856 1477 896 1535 aot
919 1477 1017 1536 oscula
1040 1472 1157 1538 Pollae.

675 1590 920 1659 svanmm

321 1681 470 1744 Protinus
493 1691 594 1744 ecorto
617 1681 765 1745 dextrum
787 1683 885 1746 risere
908 1704 1021 1746 sorores

262 1862 263 1866 Ἰ
321 1790 458 1864 Aonides,
482 1803 645 1867 pueroque
669 1784 785 1867 chelyn
807 1786 966 1849 summisit
989 1794 1021 1850 et
1043 1807 1101 1851 ora

321 1890 434 1954 lmbuit
458 1914 542 1954 amne
564 1913 648 1954 sucro
671 1897 731 1954 lom
755 1899 824 1954 tum
846 1891 903 1954 tibi
926 1890 1061 1956 blandus
1084 1890 1206 1971 Apollo

700 1994 727 2047 S.
740 1992 763 2047 V
775 1993 799 2061 5,
812 1993 892 2048 79-85

322 2079 436 2144 Nonne
459 2100 585 2161 gemam
608 2089 648 2162 te,
674 2101 747 2145 care
770 2083 873 2162 puer?
896 2102 960 2165 quo
984 2083 1102 2167 sospite
1126 2090 1220 2146 natos

323 2183 395 2248 Non
418 2186 512 2265 cupii,
531 2191 631 2265 primo
654 2187 795 2265 genitum
819 2205 916 2267 quem
938 2188 1083 2266 protinus
1107 2198 1173 2250 ortu

323 2277 465 2368 Implicui
487 2290 604 2372 fixique
627 2289 714 2370 mihi,
739 2291 790 2354 cui
812 2291 913 2355 verba
935 2310 1096 2373 sonosque

323 2393 499 2458 Monstravi
522 2402 718 2477 questusque
741 2402 773 2458 et
795 2415 963 2459 murmura
986 2414 1085 2460 caeca
1108 2396 1281 2475 resolvens

325 2502 559 2580 Reptontemque
583 2499 651 2562 solo
674 2499 833 2562 demissus
856 2505 897 2562 act
920 2505 1022 2564 oscula
1044 2501 1157 2564 dextra

325 2601 427 2682 Erexi,
450 2602 632 2686 blandoque
654 2610 722 2667 sinu
745 2604 810 2668 iam
833 2605 962 2688 iamque
986 2606 1137 2669 cadentes

326 2711 489 2787 Eaeeeptare
511 2727 609 2788 genas
632 2710 803 2791 dulcesque
826 2729 991 2776 accersere
1015 2730 1153 2776 somnos.
1166 2708 1189 2792 ¹)

697 2869 904 2878 -—-—-——-

610 2932 665 3021 [lle
688 2936 812 3001 Hunnis
827 2953 851 3021 a,
870 2939 996 3020 ato-249]

862 3041 1032 3122 Consurgit
1054 3042 1087 3105 in
1110 3049 1215 3105 artum

327 3144 435 3208 Massa
458 3145 596 3208 rotunda
619 3155 721 3225 capua
745 3146 878 3225 geminis
901 3147 961 3210 sub
985 3145 1088 3210 fronte
1111 3145 1258 3210 cavernis

326 3251 423 3315 Visus
446 3251 537 3314 adest
559 3255 648 3313 oculis
672 3254 844 3330 absentibus,
872 3263 938 3314 actu
961 3251 1084 3315 cerebri

327 3357 362 3418 ln
386 3374 547 3420 cameram
572 3355 625 3418 vix
648 3355 688 3417 ad
712 3353 840 3436 refugos
863 3361 918 3419 luc
940 3357 1085 3436 pervenit
1109 3355 1212 3419 orbes.
1240 3417 1242 3422 .

557 3476 1052 3559 [mtmmmemnmmm

329 3581 466 3645 Centum
489 3581 531 3644 illi
554 3588 676 3645 stantes
698 3582 895 3646 umbrabant
917 3603 976 3646 ora
998 3581 1162 3663 cerastae,

329 3687 438 3749 Turba
460 3687 564 3749 minor
587 3685 646 3748 diri
670 3685 790 3772 capitis}
812 3688 902 3752 sedet
923 3688 1010 3750 intus
1033 3691 1143 3749 abactis

329 3789 446 3853 Ferrea
467 3794 522 3852 ue
545 3797 643 3853 ocutis.

542 3983 596 4062 [De
618 3983 731 4046 iisdem
754 3982 878 4046 Hunnis
900 3998 924 4066 a,
943 3985 1068 4065 aucant]
1163 3991 1167 3998 ’

215 4172 218 4184 Ι
329 4088 447 4151 Forma
469 4087 598 4168 quidem
621 4088 718 4166 pediti
740 4088 847 4152 media
869 4096 927 4169 est,
956 4107 1091 4167 procera
1119 4089 1175 4153 sed
1207 4096 1321 4166 exstat,

330 4193 363 4255 Si
387 4210 501 4256 cernas
523 4199 636 4274 equites,
660 4192 706 4256 sic
728 4193 813 4273 longi
836 4211 932 4273 saepe
955 4201 1117 4274 putantur,

288 4331 308 4400 ¹)
327 4329 366 4384 Cf.
386 4329 479 4385 Claud.
500 4347 576 4386 cons.
595 4330 638 4385 111.
659 4331 729 4385 Hon.
748 4331 790 4386 22.
809 4331 843 4384 30
858 4349 915 4401 sqq.
938 4347 1014 4386 cone.
1033 4331 1075 4385 Ill.
1095 4330 1164 4384 Hon.
1187 4328 1236 4382 167
1250 4346 1289 4396 sq.
