3232 5248
1280 583 1298 644 7

367 764 488 828 Sidonii
522 781 622 825 unum
653 759 810 823 habemus
836 763 1055 837 propempticon
1090 755 1130 819 ad
1161 754 1300 818 libellum

263 891 290 933 c.
308 869 359 949 21,
384 868 477 932 Statii
500 867 563 929 duo
587 871 726 928 exstant:
751 883 850 925 unum
874 861 969 926 Metio
993 859 1094 924 Celeri
1117 859 1192 924 Silv.
1216 861 1300 940 1112,

263 974 315 1036 cui
338 973 493 1052 adiungas
516 969 609 1033 velim
634 968 710 1033 Silv.
735 968 772 1030 111
795 967 815 1030 t
839 966 942 1045 capilli
965 966 1053 1030 Flavi
1076 965 1191 1028 Earini.

366 1078 401 1140 In
424 1076 544 1140 Sidonii
567 1073 710 1153 epistulis
733 1073 773 1135 IV
797 1073 817 1136 8
841 1079 872 1135 et
897 1070 946 1152 18,
972 1069 1055 1134 1117
1080 1089 1163 1151 quac
1182 1070 1303 1134 inserta

264 1190 338 1246 sunt
361 1198 508 1263 quaeque
531 1180 563 1242 in
587 1178 766 1241 carminum
788 1176 869 1238 libro
886 1176 995 1238 insunt
1010 1175 1163 1238 nonnulla
1179 1173 1231 1259 (cf.
1252 1173 1300 1238 18.

223 1318 227 1326 ·
268 1287 317 1350 19.
335 1283 400 1366 21),
424 1285 457 1347 in
480 1285 721 1364 eptprammatam
743 1299 878 1344 numero
901 1279 1051 1344 habenda
1073 1298 1143 1344 esse
1159 1287 1301 1359 apparet.

264 1390 313 1452 Ad
337 1390 420 1452 idem
443 1407 543 1468 genus
566 1387 659 1451 Statii
682 1386 841 1468 quaedam
864 1385 1008 1447 carmina
1031 1385 1189 1463 pertinent
1216 1383 1302 1447 velut

264 1493 338 1558 Silv.
363 1493 423 1557 113
447 1492 542 1555 arbor
565 1491 669 1554 Atedii
692 1489 839 1569 Melioris
864 1489 924 1552 111
947 1490 1102 1568 psittacus
1119 1487 1266 1569 Melioris,
1279 1486 1302 1570 1)

265 1598 336 1678 alia,
350 1596 496 1679 quamvis
508 1596 773 1676 epigrammatum
789 1593 920 1656 modum
931 1593 1129 1674 aliquantum
1138 1593 1302 1657 excedant.

369 1700 526 1781 Carmine,
544 1700 629 1782 quod
653 1707 702 1762 est
723 1699 756 1761 in
780 1698 870 1778 epist.
887 1699 911 1760 11
930 1698 979 1778 10,
1004 1698 1173 1762 ecclesiam
1190 1717 1303 1763 recens

266 1808 476 1886 aedificatam,
501 1825 527 1867 c.
552 1807 593 1869 22
622 1805 763 1883 Burgum
797 1803 898 1866 Pontii
922 1802 1043 1866 Leontii
1074 1804 1225 1868 describit
1255 1803 1300 1867 Si·

267 1914 392 1977 donius.
428 1911 577 1974 Eiusdem
612 1909 736 1988 generis
766 1916 840 1971 sunt
879 1907 954 1971 villa
986 1909 1153 1972 Tiburtina
1186 1907 1305 1973 Manilii

268 2015 398 2094 Vopisci
430 2014 461 2077 S.
492 2014 553 2092 13,
584 2011 735 2075 balneum
766 2009 889 2074 Claudii
919 2012 1043 2075 Etrusci
1073 2013 1104 2076 S.
1135 2014 1200 2093 15,
1232 2013 1306 2076 villa

268 2117 457 2182 Surrentina
480 2114 570 2179 Pollii
585 2114 698 2177 Felicis
720 2115 752 2178 S.
769 2115 839 2194 112,
863 2115 927 2178 alia
948 2116 1109 2180 nonnulla.
1135 2118 1306 2198 Panegyri-

268 2242 380 2287 corum
403 2222 540 2304 denique
564 2221 673 2284 trium:
698 2238 794 2302 quem
817 2222 939 2284 Romae
962 2221 1111 2284 Sidonius
1139 2221 1216 2283 dixit
1240 2221 1306 2284 An-

268 2328 388 2391 themio
411 2326 555 2406 Augusto
570 2325 618 2388 bis
635 2323 757 2388 consuli
780 2343 806 2386 c.
830 2327 860 2404 2,
878 2326 1059 2406 panegyrici
1074 2324 1156 2388 Julio
1180 2326 1307 2390 Valerio

270 2432 448 2496 Maioriano
471 2431 616 2510 Augusto
640 2428 714 2492 dicti
738 2421 766 2492 e.
791 2431 821 2510 5,
845 2430 1028 2511 panegyrici
1050 2430 1145 2493 Avito
1162 2430 1307 2510 Augusto

268 2555 381 2600 socero
414 2536 488 2598 dicti
520 2555 546 2599 c.
581 2536 598 2597 7
632 2534 718 2596 haud
740 2535 795 2626 'ita
822 2534 971 2597 dissimile
1001 2542 1050 2597 est
1084 2544 1308 2614 argumentum

269 2659 369 2703 carm.
395 2640 471 2703 Silv.
489 2641 531 2703 lV
549 2640 564 2704 1
583 2640 668 2721 quod
691 2639 874 2714 inscribitur
889 2639 1043 2720 septimus
1065 2639 1208 2703 decimus
1231 2661 1308 2704 con-

273 2742 396 2806 sulatus
420 2743 494 2821 imp.
511 2742 592 2822 Aug.
616 2743 807 2808 Germanici.

374 2841 485 2930 Neque
527 2846 590 2910 hoc
625 2846 696 2910 loco
732 2848 982 2926 praetermittam
1014 2849 1180 2913 Sidonium
1217 2850 1309 2913 Statii

269 2971 392 3016 morem
408 2960 563 3031 secutum,
581 2951 635 3034 qui
648 2951 778 3030 singulis
790 2953 968 3015 carminum
981 2952 1067 3015 libris
1079 2953 1309 3032 praefationem

270 3057 374 3119 soluta
390 3057 534 3119 oratione
550 3057 702 3135 scriptam
718 3057 891 3136 praemisit,
915 3058 1020 3136 ipsum
1035 3077 1163 3140 quoque
1184 3059 1310 3122 duobus

272 3161 350 3224 locis
364 3160 416 3245 (cf.
434 3180 532 3225 carm.
553 3161 593 3227 tr
616 3170 647 3226 et
667 3159 722 3244 22)
746 3181 843 3240 prosa
865 3163 1010 3226 oratione
1033 3182 1104 3228 esse
1121 3164 1308 3244 praelatum.

373 3264 555 3347 Antequam
578 3283 654 3329 vero
669 3265 810 3345 singulos
829 3265 918 3329 locos
930 3265 1122 3331 Sidonianos
1133 3269 1311 3332 Statianos-

274 3386 346 3450 que,
371 3369 425 3449 qui
447 3371 529 3433 inter
545 3388 579 3433 se
595 3371 774 3450 comparari
791 3379 933 3451 possunt,
959 3369 1112 3453 adferam,
1138 3375 1248 3452 paucis
1271 3373 1310 3437 de

274 3475 398 3536 ratione
420 3475 589 3538 dicendum
612 3475 746 3555 videtur,
770 3494 854 3557 quae
877 3476 959 3539 inter
974 3476 1111 3540 Statium
1128 3477 1309 3541 Sidonium-

273 3595 335 3657 que
358 3578 534 3640 intercedat
557 3586 653 3660 atque
678 3579 858 3658 Vergilium.
883 3579 965 3643 Nam
982 3588 1018 3643 ut
1033 3581 1170 3645 Statium
1184 3582 1311 3661 Vergilii

272 3680 416 3742 imitandi
425 3683 602 3744 studiosum
615 3682 712 3746 fuisse
730 3691 854 3745 constat
863 3681 915 3769 (cf.
930 3689 1034 3748 Baeti.
1053 3685 1082 3749 h.
1093 3685 1111 3749 1.
1131 3685 1186 3751 R.⁴
1199 3687 1220 3751 l.
1238 3687 1311 3752 125.

274 3782 477 3863 Bernhardp.⁵
495 3786 569 3849 516.
588 3783 718 3863 Teuffel.³
735 3788 808 3850 722.
822 3792 858 3848 Α.
873 3791 1011 3869 Zingerle.
1021 3808 1116 3868 zusp.
1133 3787 1185 3852 lat.
1198 3791 1233 3851 D.
1247 3789 1312 3874 26),

274 3890 320 3951 ita
343 3887 509 3951 Sidonium
533 3907 661 3970 quoque
684 3889 784 3952 multa
811 3909 850 3953 ex
883 3891 935 3954 illo
962 3892 1109 3958 hausisse
1142 3893 1234 3957 facilc
1264 3895 1313 3957 in-

276 3993 416 4072 tellegas
442 3992 535 4070 unde,
553 3994 654 4056 sicubi
678 4003 742 4058 tres
765 3994 808 4057 illi
824 4003 937 4074 poetae
961 4006 1150 4080 congruunt,
1168 4000 1313 4080 quaestio

274 4249 295 4318 ¹)
315 4249 353 4304 et.
365 4250 428 4304 Silv.
441 4251 524 4320 prael.
536 4251 580 4305 lib.
592 4252 621 4306 11.
642 4252 678 4306 ‘in
691 4253 818 4308 arborem
832 4260 904 4310 carle
916 4260 1001 4323 tuam,
1014 4255 1115 4324 Melior,
1129 4262 1155 4311 et
1168 4255 1313 4326 psittacum

313 4336 367 4389 scis
387 4353 404 4389 a
421 4353 467 4391 mc
483 4337 558 4392 leves
576 4338 682 4393 libellos
694 4343 773 4407 qrtasi
790 4344 994 4408 eptprammctis
1012 4344 1067 4395 loco
1080 4341 1212 4411 scriptos!
