3232 5248
1189 591 1191 597 ’
1279 573 1298 636 9

349 734 397 796 ·P.
423 735 536 813 Papini
560 735 640 798 Stati
664 734 802 799 Thebais
825 746 857 801 et
879 738 1028 803 Achilleis
1064 761 1137 805 cum
1170 743 1299 807 scholiis

259 839 419 902 recensuit
441 843 504 901 Otto
536 844 664 902 Mueller.
689 839 757 903 Vol.
781 842 793 903 l
816 841 996 906 Thebaidos
1028 843 1099 908 libri
1122 845 1199 928 l-Vl,
1224 848 1296 928 Lip-

262 943 327 1007 siae
354 943 446 1008 1870.
827 980 828 984 ¹
855 1021 863 1035 ⁴

362 1049 492 1112 Publius
508 1050 660 1129 Papinius
677 1049 805 1114 Statius
823 1052 1020 1132 Recognovit
1035 1060 1181 1118 (sustene
1196 1062 1297 1134 Qneeh.

260 1154 348 1217 Tom.
378 1155 412 1217 ll.
445 1151 591 1218 Thebais.
627 1154 751 1234 Lipsiae
785 1156 877 1234 1854,
910 1177 1006 1238 quem
1031 1159 1148 1223 librum
1178 1162 1251 1226 inde
1280 1183 1300 1226 a

261 1253 395 1338 septimo
419 1259 597 1324 Thebaidos
621 1260 701 1323 libro
724 1270 853 1324 secutus
870 1245 957 1330 sum,
1029 1311 1031 1320 .

364 1365 398 1426 P.
413 1366 563 1444 Papinius
580 1365 707 1429 Statius,
725 1366 793 1429 Vol.
807 1368 828 1430 l.
842 1367 957 1432 Silvae.
975 1369 1147 1434 Recensnit
1159 1376 1300 1437 Aemilius

261 1474 417 1532 Baehrens.
444 1469 524 1549 Lips.
545 1469 637 1534 1876.
654 1470 723 1535 Vol.
740 1472 773 1534 ll.
790 1472 880 1534 Fasc.
898 1473 1102 1540 l..Achilleis
1128 1477 1300 1541 Recensuit

264 1580 415 1655 Philippus
438 1580 613 1638 Kohlmann.
639 1575 679 1637 ib.
709 1576 799 1640 1879.
854 1587 856 1592 '
1100 1605 1101 1608 ¹

727 1854 793 1964 l·

262 2015 392 2074 Paruum
416 2031 531 2074 Locum
548 2031 586 2073 us
610 2015 802 2076 rnrrurronis
819 2033 974 2076 nxuurnis
991 2034 1199 2080 rnrauunuuu
1216 2039 1299 2100 oum,

262 2135 295 2178 m
319 2135 431 2203 oureus
456 2136 523 2178 uon
548 2135 652 2179 sonum
668 2118 917 2196 mammonam,
935 2138 1018 2194 Quin
1041 2140 1191 2185 Anniana
1208 2143 1298 2199 suus,

262 2241 348 2299 usus,
366 2241 615 2301 superauerunt,
633 2215 940 2302 annosissimus,
959 2244 1044 2288 cano
1068 2244 1108 2289 Ac
1125 2246 1299 2293 ursrosrno

261 2345 457 2390 couenuuur
480 2345 532 2388 rra
554 2345 595 2402 ur
626 2346 693 2390 uon
724 2346 876 2390 sruounns
900 2347 1048 2404 QUASDAM
1078 2349 1209 2411 Pharus,
1243 2353 1299 2396 sno

262 2451 395 2494 sunnam
419 2451 530 2495 sonus
555 2435 685 2496 Sroouro
710 2452 751 2494 on
776 2451 897 2496 ocunos
920 2451 1090 2511 vnnsnrnu
1118 2455 1191 2498 ussa
1215 2457 1300 2501 suns

623 2556 731 2600 rossrr
755 2557 930 2601 runcinaci.

364 2677 472 2758 ltaque
488 2678 570 2741 inter
585 2698 620 2741 se
635 2698 859 2766 comparemus
876 2679 997 2743 Sidonii
1020 2700 1046 2744 c.
1066 2681 1120 2747 11:
1145 2683 1301 2762 epithala-

262 2781 361 2843 mium
378 2783 507 2845 Ruricio
523 2789 552 2845 ct
569 2783 689 2847 lberiae
705 2785 824 2846 dictum
841 2792 873 2846 et
888 2782 962 2847 Silv.
980 2785 1042 2848 12:
1060 2786 1300 2864 epithalamium

261 2887 293 2948 in
317 2886 447 2950 Stellam
471 2895 503 2949 et
525 2887 748 2950 Violentillam.
773 2889 927 2966 Quamvis
951 2889 1036 2950 enim
1052 2893 1176 2952 Eheetns
1200 2892 1245 2976 (L.
1271 2894 1299 2958 d.

261 2991 300 3053 ll.
326 2992 337 3053 l
362 2989 438 3074 404)
463 2992 636 3055 contendat.
652 3000 779 3070 poetam
795 2992 828 3054 in
844 2990 1055 3069 epithalamiis
1071 2998 1302 3073 componendis

260 3094 472 3160 Claudianum
505 3104 653 3161 seculum
675 3116 756 3177 csse,
788 3104 896 3160 tamen
924 3096 1001 3158 mibi
1029 3093 1218 3176 persuasum
1243 3109 1299 3173 est,

260 3202 364 3280 ipsum
388 3189 462 3265 illud
479 3202 571 3266 Statii
595 3221 725 3266 carmen
749 3201 879 3265 Sidonio
903 3199 1000 3264 luisse
1016 3202 1187 3282 exemplar.
1212 3204 1301 3282 Quae

261 3325 312 3369 res
336 3327 399 3388 quo
432 3306 555 3370 facilius
584 3307 733 3371 omnibus
764 3306 924 3386 probetur,
958 3307 1123 3389 utriusque
1150 3311 1301 3372 carminis

260 3421 484 3491 argumentum
507 3414 588 3477 meis
611 3413 711 3492 ipsius
734 3413 840 3476 verbis
863 3411 1038 3491 explicabo,

364 3519 558 3581 Describitur
580 3539 600 3580 a
623 3519 754 3582 Sidonio
777 3517 911 3580 Veneris
934 3516 1087 3594 templum
1116 3537 1135 3580 a
1158 3517 1301 3581 Volcano

262 3640 390 3686 summa
414 3631 481 3687 arte
505 3632 703 3687 exstructum
726 3625 829 3704 deque
853 3621 1009 3685 Galathea
1035 3629 1193 3702 narratur,
1218 3642 1301 3704 quae

262 3726 386 3790 adiecto
410 3729 550 3806 pondere
579 3728 723 3792 conchae
751 3727 887 3790 Tritonis
921 3725 1004 3788 latus
1037 3726 1151 3804 premit
1173 3725 1301 3807 fixoque

261 3829 347 3893 vellit
369 3830 495 3910 pollice:

299 3968 334 4020 M.
348 3968 458 4034 Enpene
479 3968 572 4032 Bnret,
591 3966 747 4036 inspecteur
770 3967 881 4034 general
905 3967 938 4020 d'e
956 3966 1136 4020 l'instruction
1162 3968 1298 4036 puhlique.

296 4053 429 4108 Conferas
449 4056 522 4124 quod
541 4055 574 4108 de
597 4055 650 4109 hac
674 4054 792 4109 editione
816 4053 875 4108 tulit
899 4053 1028 4108 iudicium
1052 4054 1239 4108 Baehrensius
1271 4056 1299 4107 in

298 4143 427 4196 Ian-sinn.
457 4143 548 4196 annal.
568 4141 627 4196 XlV
647 4143 703 4198 167.
741 4143 795 4196 Sed
822 4142 877 4195 iam
901 4141 997 4195 crescit
1015 4157 1089 4194 nova
1113 4158 1197 4209 qnam
1222 4146 1301 4211 parat

296 4228 468 4283 Christianus
487 4229 645 4299 Lliljohann
664 4230 769 4283 Sidonii
794 4230 882 4295 editio,
912 4245 966 4296 qua
994 4227 1104 4280 firmum
1128 4229 1166 4281 rei
1192 4229 1299 4281 criticac

295 4318 582 4386 interpretationisque
602 4323 727 4388 paratum
748 4318 780 4370 iri
799 4334 943 4386 speramus
964 4317 1182 4368 tundamentum.
