3232 5248
330 589 370 650 62

765 757 812 810 Th.
832 757 865 810 VI
883 759 934 811 357

372 847 506 910 Parnasi
530 866 655 910 summo
679 847 845 925 spectabat,
868 852 903 908 ab
927 852 1038 910 uetuere
1061 859 1158 908 terras

774 1106 798 1172 7,
819 1105 868 1159 126
887 1122 927 1172 sq.

379 1200 488 1259 Invidit
508 1201 632 1274 fortuna
655 1199 725 1268 siba·
748 1196 803 1258 sed
828 1197 959 1274 concipe
983 1216 1117 1274 magnos

373 1302 566 1380 Quanquam
589 1298 691 1362 fracia
714 1300 854 1377 anImus;

331 1426 395 1488 quo
418 1406 488 1469 luco
512 1405 602 1467 eudd.
627 1404 711 1468 2781
737 1423 820 1468 saec.
845 1405 886 1467 XI
910 1412 941 1468 et
963 1407 1046 1470 9551
1073 1425 1156 1469 saec.
1182 1407 1248 1468 XIII
1271 1405 1369 1490 (apud
1404 1469 1407 1477 ,

332 1512 438 1575 Barei..
462 1533 491 1590 p.
519 1511 579 1574 158
604 1507 664 1592 sq.)
689 1530 746 1588 pro
767 1516 890 1589 fortuna
914 1510 1065 1574 exhibent
1087 1523 1206 1574 nutura.

745 1630 772 1683 s.
792 1630 845 1696 13,
866 1631 898 1683 17
912 1647 951 1698 sq.

373 1724 499 1782 Indulsit
521 1731 632 1782 natura
653 1725 715 1782 sibi.
740 1718 880 1782 Nemora
902 1719 967 1782 alta
992 1721 1097 1782 citaris

373 1825 550 1888 Incubuere
573 1825 664 1887 vadis

744 1983 951 1990 -.....-.....

772 2083 796 2149 7,
816 2084 868 2137 336
887 2100 901 2136 s
922 2125 927 2136 .

373 2172 515 2235 Tandem
539 2178 686 2235 cunctanti
707 2177 778 2235 sedit
800 2101 948 2254 senlenge,
976 2173 1097 2236 eeIsum

373 2279 513 2342 Exorare
535 2278 640 2341 virum

804 2382 828 2447 7,
847 2381 900 2435 570

373 2471 461 2548 Quae
484 2470 572 2532 iubet
596 2477 631 2531 ui
654 2469 775 2533 iubeas.
803 2473 882 2532 Haec
904 2482 945 2532 est
967 2477 1106 2532 samana
1129 2477 1246 2533 cannis

736 2587 784 2642 Th.
804 2589 826 2640 II
845 2590 961 2644 368-370

376 2681 441 2741 Iam
465 2679 568 2756 purior
591 2685 699 2740 nanctis
720 2667 792 2740 sedit
814 2676 962 2757 sententia,
988 2678 1093 2743 fratris

375 2785 591 2861 pertemptare
614 2783 708 2845 fidem
732 2789 881 2864 tutosque
904 2785 937 2847 In
963 2804 1062 2864 regna
1085 2785 1244 2864 precando

375 2887 547 2967 Explorare
570 2887 683 2950 aditus

740 2989 969 3060 mfflfflm

376 3081 409 3144 Si
433 3081 525 3143 datur
548 3088 580 3142 ei
602 3080 689 3142 duris
716 3085 791 3140 sedet
813 3085 882 3141 haec
905 3087 1044 3143 sententia
1067 3081 1176 3142 Parcis

375 3185 505 3247 Solvere
528 3182 697 3246 Echionias
724 3182 867 3247 Lernaea
890 3186 1020 3263 cuspide
1043 3181 1185 3264 porram)

802 3425 826 3489 7,
845 3425 897 3478 526

376 3515 572 3591 Despectam,
595 3517 686 3572 variis
708 3534 817 3574 necnon
840 3537 927 3592 quam
945 3517 1082 3592 partibus
1105 3512 1204 3575 ambit

759 3630 807 3684 Th.
827 3631 874 3684 XII
892 3633 944 3686 476

376 3723 498 3801 Quidve
521 3733 644 3810 petuni;
668 3729 759 3784 var-iis
782 3746 869 3786 aeeon
893 3727 1030 3802 affatibus
1052 3723 1141 3801 ipsae

776 3985 815 4049 13,
835 3985 869 4037 33
888 4000 901 4036 s
922 4023 928 4034 .

377 4070 526 4133 Mandem
543 4079 693 4151 perpetuis
715 4072 848 4152 legenda
867 4001 965 4151 fugae,

377 4176 593 4256 Quaecunque
616 4177 749 4256 egregiis
773 4177 855 4255 geris
879 4176 1055 4255 triumphis.

335 4346 355 4414 ¹)
375 4345 414 4398 Cf.
434 4344 525 4399 Claud.
546 4347 625 4416 Rapt.
645 4346 720 4399 Pros.
740 4346 751 4397 I
771 4349 827 4401 121.
