3232 5248
664 784 717 838 si
735 784 758 850 2,
778 784 811 836 aa
831 802 844 837 s
866 826 871 837 .

293 875 363 937 Vidi
386 892 444 953 ego
468 882 498 936 et
521 875 635 937 immiti
659 875 808 953 cupidum
832 801 991 938 dicarrere
1014 899 1114 955 compo

296 982 514 1058 Hippomenem,
538 981 598 1042 nec
622 979 669 1041 sic
691 990 766 1041 meta
784 983 914 1057 pollebat
936 981 969 1042 in
993 981 1071 1058 ipsa.

249 1083 295 1147 Cl'.
321 1083 376 1146 Th.
402 1084 443 1146 lV
467 1085 530 1147 253
554 1104 599 1164 sq.
625 1082 788 1164 Claudian.
813 1083 897 1146 Laus
922 1085 989 1147 Ser.
1017 1085 1078 1148 166
1101 1105 1169 1166 sqq.

692 1393 715 1461 s,
735 1393 850 1446 rao-aaa

664 1482 736 1547 Non
759 1484 806 1546 sic
832 1482 1015 1547 Pholoetica
1040 1491 1184 1548 monstra

291 1587 396 1668 Atque
419 1586 639 1650 Pelethronios
662 1587 813 1666 Lapithas
837 1587 1013 1650 Semeleius
1037 1587 1149 1650 Euhan

291 1692 427 1772 Miscuit,
454 1691 627 1754 hemonias
651 1692 725 1754 dum
750 1692 917 1754 flammant
941 1693 1029 1771 orgia
1052 1700 1171 1754 matres

291 1797 327 1859 Et
349 1797 507 1860 Venerem
531 1795 729 1877 Martemque
753 1796 837 1858 cient
860 1815 898 1858 ac
921 1797 1024 1876 prima
1046 1805 1196 1876 cruentos

290 1899 490 1964 Consumunt
512 1901 553 1963 ad
576 1900 659 1963 bella
683 1900 772 1963 cibos
797 1905 975 1982 Bacchoque
999 1908 1105 1965 rotato

295 2009 400 2066 Pocula
423 2011 479 2066 telo
497 2016 617 2083 putant,
642 2025 716 2067 cum
740 2005 947 2068 crudescente
971 2005 1108 2069 tumultu

198 2111 200 2114 ’
293 2106 408 2170 Polluit
430 2108 635 2171 Aemathium
657 2115 777 2189 conparis
800 2107 1011 2172 Centauricus
1034 2109 1178 2189 Othrym.

474 2297 475 2302 ,
671 2245 719 2300 Th,
738 2246 761 2299 ll
779 2245 860 2300 81-88

294 2335 407 2414 Qualia
429 2354 486 2414 per
509 2335 687 2414 Rhodopen
710 2336 823 2399 rabido
847 2336 995 2399 convivia
1018 2341 1112 2399 coetu

292 2439 438 2502 Bistones
461 2448 516 2502 aut
540 2441 664 2504 mediae
688 2447 812 2518 ponunt
836 2440 1033 2503 convallibus
1057 2439 1171 2518 Ossae3

233 2535 236 2539 ’
291 2544 353 2606 lllis
376 2544 600 2607 semianimum
624 2561 722 2622 pecus
746 2563 965 2627 excussaeque
989 2545 1116 2608 leonum

294 2645 356 2710 Ore
380 2647 488 2725 dapes,
512 2656 543 2709 et
566 2648 647 2711 laete
670 2669 755 2712 novo
778 2649 941 2713 domuisse
966 2667 1112 2712 eruorem
1229 2655 1231 2660 “

291 2750 412 2828 Luxus3
437 2757 470 2812 at
493 2749 603 2830 Ogygii
626 2753 653 2813 si
676 2754 804 2833 quando
828 2754 958 2816 adflavit
982 2758 1080 2816 Iacchi

188 2898 190 2902 -
293 2855 416 2918 Saevus
440 2854 527 2933 odor,
552 2861 628 2918 tuno
651 2876 731 2919 saxa
754 2877 861 2938 marm,
891 2866 968 2920 tunc
985 2863 1093 2937 poculo
1115 2857 1283 2935 pulchrum

292 2962 435 3040 Sporpere
458 2967 489 3022 et
511 2960 659 3022 inmerito
683 2961 845 3023 sociorum
867 2969 1007 3043 reliquiae
1029 2961 1100 3024 suso

288 3063 470 3127 lnstaurare
493 3064 577 3128 diem
600 3063 762 3146 festasque
786 3083 940 3144 reponere
964 3084 1102 3128 mensas.

248 3165 292 3229 Cl'.
318 3167 414 3230 etiam
437 3167 493 3231 Th.
519 3168 547 3230 V
570 3170 633 3232 252
658 3189 725 3250 sqq.
755 3259 757 3264 Ι

688 3479 712 3544 5,
732 3477 847 3530 ara-aea

291 3566 477 3628 Excussisse
501 3567 580 3629 citas
602 3575 730 3630 vastum
754 3568 928 3647 perinane
952 3567 1105 3644 bipennes

290 3669 328 3730 Et
350 3669 462 3748 plagae
486 3672 664 3756 praescisse
689 3671 801 3733 locum
826 3670 1017 3752 clypeosque
1040 3677 1145 3732 rotare

289 3771 396 3834 Ludus
419 3784 444 3835 et
467 3780 590 3834 intortus
608 3780 783 3853 praecedere
805 3779 927 3836 saltibus
948 3779 1060 3836 hastae.

652 3908 700 3962 Th.
720 3910 754 3963 VI
772 3909 887 3962 565-568

432 4067 434 4076 ,
498 3997 631 4077 [Onerat
654 3998 862 4062 celeberrima
884 4008 996 4062 natum

290 4101 400 4181 Mater,
426 4109 457 4164 et
480 4103 548 4180 ipse
571 4103 682 4181 procul
706 4101 792 4166 lama
816 4105 881 4166 iam
897 4112 1000 4168 notus
1026 4104 1164 4168 inermes
1274 4181 1275 4184 Ἴ

288 4206 444 4270 Narratur
467 4226 579 4270 cervas
602 4209 697 4285 pedes
721 4209 802 4272 inter
825 4218 937 4288 aperta
960 4209 1075 4290 Lycaei

290 4310 412 4374 Tollere
435 4322 460 4374 et
484 4317 618 4374 eruissem
642 4335 731 4374 eursu
753 4319 928 4393 deprendere
951 4316 1057 4394 telerml.

1162 4417 1178 4462 a
