3232 5248
276 753 338 818 Ore
361 754 449 818 bibat
472 754 590 833 fontes;
615 755 748 818 miratur
770 754 876 819 dulcia
898 756 976 820 Nais

272 849 393 924 ¹Oscula
416 879 476 924 nec
499 861 598 925 credit
615 866 719 941 pclcyo
742 862 868 925 venisse
891 869 1039 924 mur-imm,

652 982 678 1035 s.
698 979 709 1034 1
727 983 751 1048 a,
770 981 851 1035 66-66

440 1070 557 1133 audaci
580 1071 773 1133 transcurris
796 1071 930 1135 flumina
953 1065 1099 1152 plumboJ

275 1174 322 1238 Ne
346 1173 448 1237 solum
472 1175 566 1238 Ioniis
589 1175 648 1237 sub
669 1180 804 1252 fluctibus
829 1180 923 1239 Elidis
946 1201 1057 1240 omnem

276 1278 381 1342 Dulcis
404 1280 445 1344 ad
467 1281 629 1344 Aetnaeos
653 1281 789 1344 deducat
812 1282 928 1345 semita
950 1283 1082 1362 portus?

647 1399 695 1452 m.
715 1399 726 1451 1
744 1400 859 1454 arcam
1061 1462 1064 1470 ,

681 1488 870 1553 Iamdudum
894 1490 935 1553 ab
959 1490 1087 1555 sedibus
1110 1490 1169 1552 ilus

275 1594 388 1672 Incipe,
410 1598 575 1672 drocttvaga
598 1613 661 1674 qna
684 1593 928 1672 praeterlabitur
950 1601 1032 1658 6666

276 1699 422 1761 Sicanios
444 1697 536 1778 longe
559 1697 702 1777 relegens
727 1702 852 1777 Alpheos
875 1721 996 1762 ociores.

232 1802 278 1865 Cf.
303 1804 399 1866 etiam
423 1803 478 1865 Th.
503 1803 544 1866 lV
567 1803 631 1867 239
647 1823 693 1885 sq.

595 1921 672 1989 Verg.
692 1921 739 1976 ecl.
760 1921 799 1988 10,
818 1923 836 1976 4
854 1939 893 1990 sq.

276 2011 330 2072 Sic
352 2011 407 2072 tihi
431 2029 504 2072 cum
525 2015 631 2088 ductus
655 2012 858 2074 subterlabere
881 2015 1009 2091 Sicanos,

276 2115 366 2176 Doris
390 2133 502 2176 amara
525 2133 618 2176 suam
641 2134 706 2176 non
729 2115 946 2178 intermisceat
970 2122 1088 2179 undum.

507 2225 510 2230 ’
594 2232 670 2302 serg.
690 2233 720 2287 n.
739 2233 773 2284 m
791 2234 908 2288 664666

402 2328 544 2404 Alpheum
566 2322 653 2388 fama
675 2332 724 2388 est
746 2322 809 2386 huc
832 2328 928 2388 Elidis
952 2349 1066 2388 omnem

276 2428 425 2494 Occultas
448 2429 552 2508 egisse
573 2428 643 2490 vias
668 2437 777 2506 supter
800 2453 892 2508 raom,
917 2431 970 2512 qui
995 2449 1080 2493 nunc

277 2534 349 2614 Ore,
374 2533 543 2614 Arethusa,
568 2541 623 2596 tuo
647 2537 752 2596 Siculis
775 2533 979 2597 confunditur
1002 2541 1100 2598 666ιῖ6.

674 2777 698 2842 9,
719 2776 833 2830 114-120

278 2866 346 2930 Nec
371 2866 477 2946 Phryx
496 2876 602 2946 postor
624 2865 685 2928 erit
707 2864 763 2927 tibi
786 2865 947 2946 legendus

278 2977 449 3034 Decrescms
471 2977 519 3033 cni
541 2974 708 3052 Dindymon
732 2976 824 3032 reciso

275 3076 388 3140 Fertur
410 3083 511 3139 cortice
534 3076 674 3139 texuisse
698 3079 836 3136 classem:

279 3179 359 3243 Cum
383 3182 472 3245 iussu
495 3180 630 3245 Veneris
653 3179 884 3258 patrocinantis

202 3307 204 3311 ’
277 3287 393 3350 Τ66666
417 3291 549 3349 Oebalias
572 3293 604 3348 et
626 3283 800 3363 hospitales

280 3393 401 3470 Raptor
423 3391 620 3471 depopulatus
642 3396 691 3452 est
714 3393 860 3470 Amyclae,

278 3496 436 3559 Praedam
460 3505 548 3559 trans
572 3494 702 3574 pelagus
727 3501 838 3572 petens
862 3511 1044 3574 sequacem.

715 3612 754 3679 11,
774 3611 823 3664 so

281 3702 330 3764 lle
354 3720 481 3784 quoque
505 3703 649 3766 Rhoetea
672 3703 859 3765 damnasset
876 3712 982 3781 postor
1005 3701 1038 3764 in
1062 3705 1151 3777 Idu.¹

709 3823 751 3888 aa,
770 3821 804 3874 aa

280 3910 374 3972 Forte
397 3909 588 3989 sagittiferas
612 3910 724 3974 Euhan
741 3915 902 3990 populatus
925 3913 1070 3992 Erytlums

671 4029 698 4082 S.
718 4029 729 4080 l
749 4028 762 4081 1
782 4029 846 4082 8-10

280 4118 373 4181 Nunc
396 4138 454 4199 age
474 4118 565 4206 ¹fama
587 4121 673 4200 prior
695 4127 808 4182 notum
832 4139 889 4198 per
911 4121 1041 4184 saecula
1063 4139 1181 4184 nomen

282 4226 431 4288 Dardanii
456 4225 587 4289 miretur
610 4226 692 4306 equi,
718 4231 764 4288 cui
786 4231 887 4288 vertice
910 4245 1003 4289 sacro

285 4331 447 4410 Dindymon
473 4337 504 4392 ct
527 4336 617 4392 caesis
640 4333 760 4392 decrerit
784 4329 948 4393 frondibus
972 4333 1030 4391 Ide.
