3232 5248
299 751 416 832 Gloria,
441 756 599 831 depositam
622 750 717 814 Dacis
734 755 924 830 pereuntibus
947 742 1045 813 urbem

299 855 452 934 Pandere,
478 874 552 917 cum
576 854 657 917 tanti
679 853 764 917 lectu
786 855 920 918 rectoris
944 854 1100 936 habenas,

300 958 427 1039 Gallice,
452 963 586 1022 Fortuna
609 977 675 1022 non
698 959 876 1022 admirante
899 959 1022 1022 subisti.

255 1067 299 1128 De
310 1065 373 1129 hoc
384 1064 455 1130 loco
468 1083 506 1128 ea
522 1063 716 1129 conterenda
728 1071 810 1145 sunt,
825 1083 907 1146 quae
918 1068 956 1126 H.
968 1068 1135 1128 Koestttnus
1150 1066 1298 1128 disseruit

255 1169 288 1232 in
312 1168 420 1232 Philol.
445 1169 564 1231 XXXV
580 1167 692 1254 (1876)
716 1190 745 1249 p.
771 1169 843 1234 713.
870 1170 1058 1234 Rectissime
1082 1171 1167 1234 enim
1191 1171 1295 1251 docet,

250 1296 358 1353 ponere
381 1278 479 1336 arbem
502 1273 564 1337 hoc
586 1273 656 1338 loeo
679 1292 745 1338 non
761 1273 937 1354 significare
962 1279 1060 1337 urbem
1075 1280 1176 1354 delere,
1188 1273 1211 1358 ¹)
1229 1276 1294 1357 sed,

256 1386 291 1442 ut
314 1379 414 1458 ipsius
437 1379 542 1442 verbis
566 1387 651 1442 utar:
676 1379 722 1443 sie
746 1388 960 1443 anvertrauen
976 1378 1023 1442 als
1040 1381 1092 1444 ein
1107 1380 1295 1459 depositum.

256 1484 470 1547 Domitianum
497 1485 582 1547 enim
610 1483 764 1547 adversus
792 1487 896 1548 Dacos
927 1483 1105 1564 profectum
1133 1486 1298 1564 proximae

255 1589 372 1652 cervici
395 1589 544 1668 ponderis
560 1590 708 1653 immensi
724 1610 753 1652 v.
770 1591 800 1672 6,
824 1589 986 1668 praelecto
1002 1591 1163 1669 praetorio
1174 1591 1296 1654 Rutilio

257 1692 378 1757 Gallico
407 1713 518 1757 curam
546 1695 668 1758 Romae
705 1693 794 1757 urbis
826 1695 1040 1774 commisisse3
1075 1695 1106 1757 id
1139 1695 1299 1776 significar

255 1798 361 1862 verbis
384 1816 466 1880 quae
490 1805 565 1862 sunt
587 1805 663 1861 tanti
684 1803 810 1862 tutemus
826 1803 931 1879 subire,
949 1817 1021 1863 eam
1037 1817 1107 1863 csse
1123 1800 1297 1864 maximam

255 1921 356 1980 nuper
379 1901 521 1982 gloriam.
550 1906 709 1967 Dacorum
733 1904 845 1968 urbem
868 1911 945 1966 tunc
967 1923 1033 1968 non
1056 1922 1127 1968 esse
1150 1903 1296 1984 deletam,

257 2007 314 2069 scd
336 2006 475 2070 Traiano
501 2008 630 2071 demum
652 2009 853 2087 imperatore.
885 2010 995 2091 ltaque
1017 2009 1154 2072 Romam
1185 2009 1298 2072 urbem

256 2128 327 2174 esse
356 2110 609 2191 intellegendam.
642 2113 731 2190 Quae
755 2113 873 2192 optime
904 2113 945 2175 ab
978 2131 1015 2176 eo
1043 2113 1204 2191 disputata
1227 2130 1297 2175 esse

256 2233 330 2278 curn
353 2223 417 2280 tres
440 2215 500 2279 loci
528 2215 673 2297 Statiani,
696 2236 776 2297 quos
799 2217 865 2279 iam
885 2215 1037 2280 allaturus
1062 2236 1142 2297 sum,
1167 2217 1298 2280 demon-

256 2327 368 2401 strant,
393 2328 460 2382 tum
484 2319 604 2383 Sidonii
629 2339 750 2400 versuS,
776 2338 856 2402 quos
879 2339 977 2398 supra
1000 2320 1136 2384 exhibui.

248 2436 252 2443 ’
684 2439 710 2493 S.
729 2439 764 2491 nr
782 2441 806 2507 r,
825 2437 871 2492 5-8

248 2535 252 2541 ’
297 2530 423 2593 Grande
446 2538 501 2594 tuo
524 2547 696 2612 rarumque
719 2530 842 2610 damus,
866 2529 1022 2611 Neptune,
1047 2528 1204 2609 profundo

300 2637 477 2712 Depositum.
501 2634 627 2698 Iuvenis
650 2634 746 2698 dubio
770 2641 956 2698 committitur
979 2633 1043 2698 alto

299 2738 412 2801 Metius
436 2745 522 2819 atque
544 2745 659 2801 unitrice
675 2751 793 2820 portem
817 2757 912 2820 super
935 2750 1216 2823 aequoranostrac

302 2847 444 2906 Maiorem
467 2843 640 2906 transferre
664 2852 764 2921 parat.

679 2963 705 3016 S.
725 2962 747 3016 V
766 2962 789 3029 1,
810 2961 859 3017 177

299 3058 377 3115 Pars
400 3058 516 3116 amicitae
539 3053 663 3115 victura
686 3074 764 3114 caece

662 3171 729 3226 neh.
748 3170 892 3224 1384386

300 3260 383 3325 Cara
406 3261 483 3325 mihi
506 3261 608 3338 tellus,
632 3279 768 3340 magnac
792 3261 843 3324 cui
867 3267 993 3343 ptpnoru
1016 3279 1112 3325 curae

304 3371 535 3449 Depositmnque
558 3369 670 3447 ingens
693 3367 803 3429 timido
827 3373 1020 3430 corrtraisimus
1043 3374 1124 3447 asin,

298 3473 348 3535 Sis
372 3473 445 3536 felix
467 3481 648 3555 taceasque,
674 3491 860 3552 precor...

256 3576 301 3640 Cf.
326 3579 423 3641 etiam
445 3578 524 3641 Aah.
549 3579 561 3642 Ι
584 3578 657 3644 914.

672 3737 876 3744 ——--

697 3836 720 3902 7,
741 3834 855 3888 171-173

866 3923 1032 3988 Lactentia
1055 3925 1193 4003 primum

298 4029 445 4092 Membra
468 4030 553 4093 dedit
575 4029 703 4092 nivibus
724 4035 897 4112 ptccteche
920 4030 1096 4107 irrumpere
1114 4035 1227 4110 ptcatts

302 4139 392 4197 Iussit
415 4141 445 4198 et
468 4135 591 4200 attritas
615 4155 750 4214 parvum
773 4136 876 4199 ridere
900 4135 1038 4215 pruinae.

258 4327 277 4393 ¹)
296 4326 363 4381 Earn
384 4327 458 4381 enim
477 4327 533 4380 vim
552 4325 640 4381 lexica
659 4325 723 4381 huic
740 4326 801 4381 voci
820 4326 950 4380 tribuunt.
