3232 5248
325 570 346 634 6

325 743 458 822 vestigia
485 749 651 820 promeret.
691 741 845 805 Videntur
867 749 974 804 autem
998 743 1189 822 praecipuae
1217 745 1285 807 eius
1317 743 1363 805 rei

326 866 444 910 causac
459 847 492 910 in
514 847 586 926 ipsa
602 847 808 909 occasionum
824 847 1011 911 condicione
1027 857 1360 929 argumentorumque,
1465 883 1469 892 ·

325 970 407 1033 quae
421 960 553 1033 uterque
565 951 732 1032 tractabat,
747 950 949 1016 similitudine
965 953 1103 1035 quadam
1120 955 1242 1032 positae
1254 952 1361 1033 luisse,

325 1075 388 1137 quo
412 1054 532 1118 iactum
557 1064 614 1135 est,
642 1063 677 1117 ut
705 1065 879 1119 metrorum
909 1075 1036 1139 quoque
1064 1075 1190 1137 genera,
1219 1077 1301 1139 quae
1329 1059 1362 1120 in
1407 1115 1412 1122 .
1475 1089 1478 1096 ·

325 1159 418 1222 Silvis
450 1160 665 1240 inveniuntur,
698 1160 810 1224 eadem
845 1160 910 1223 fere
944 1161 977 1223 in
1011 1161 1132 1224 Sidonii
1167 1161 1362 1224 carminibus

324 1271 503 1347 occurrant.
533 1263 671 1328 Omnino
699 1265 785 1328 enim
812 1266 894 1328 ratio
923 1274 1018 1346 atque
1046 1266 1168 1329 indoles
1195 1264 1362 1348 utriusque
1427 1347 1431 1355 Ι

323 1375 436 1446 poetae
459 1369 492 1431 in
515 1385 553 1431 eo
577 1370 781 1449 congruebat,
799 1371 884 1451 quod
907 1370 967 1432 nisi
992 1380 1079 1434 certa
1102 1372 1272 1434 occasione
1288 1371 1363 1434 data

324 1473 468 1535 carmina
491 1493 549 1536 sua
572 1475 697 1537 minora
720 1475 847 1556 quidem
871 1474 1003 1539 fundere
1031 1495 1096 1539 non
1120 1477 1274 1556 solebant,
1299 1495 1363 1557 qua

323 1575 418 1640 dere
442 1578 606 1656 complura
629 1579 770 1658 ipsorum
794 1588 920 1643 exstant
935 1582 1127 1645 testimonia.
1140 1583 1161 1663 ¹)
1185 1581 1275 1660 Quod
1299 1601 1362 1663 quo

323 1680 447 1744 facilius
485 1684 622 1761 perspici
661 1685 770 1764 possit,
811 1693 1027 1764 conspectum
1058 1693 1232 1749 metrorum
1268 1705 1363 1765 argu-

320 1795 574 1869 mentorumque,
599 1808 682 1870 quae
713 1790 798 1867 apud
822 1799 993 1872 utrumque
1016 1791 1145 1854 obviam
1168 1791 1257 1872 fiunt,
1285 1791 1372 1853 sub-¹

323 1891 433 1974 iciam;
457 1910 561 1974 neque
583 1894 617 1955 in
632 1892 694 1955 hac
709 1895 896 1974 quaestione
920 1913 1031 1959 eorum
1048 1897 1268 1959 tantummodo
1293 1915 1363 1958 car-

323 1996 448 2057 minum
473 1996 629 2060 rationem
647 1997 782 2079 habebo,
808 2019 891 2080 quae
907 2001 939 2062 in
955 1999 1124 2080 peculiaris
1139 2000 1210 2063 libri
1226 1999 1363 2064 sormam

321 2100 452 2162 redacta
475 2100 625 2164 Sidonius
650 2102 753 2182 edidit,
778 2104 834 2167 sed
858 2123 897 2168 ea
924 2124 1051 2187 quoque
1080 2105 1248 2186 adhibebo,
1279 2124 1362 2187 quae

284 2251 286 2256 .
321 2201 529 2282 epistularum
551 2203 640 2266 libris
663 2206 804 2271 inseruit.

425 2308 578 2373 Versibus
606 2315 728 2374 heroicis
754 2314 873 2392 scripta
903 2321 978 2376 sunt
1006 2313 1126 2377 Sidonii
1150 2333 1196 2378 cc.
1221 2318 1251 2380 2.
1276 2315 1305 2381 5.
1331 2316 1359 2378 7.

325 2413 374 2476 11.
402 2413 450 2477 15.
479 2415 527 2478 16.
552 2417 604 2495 22,
629 2415 720 2478 Statii
745 2416 925 2481 Thebaidos
954 2418 1208 2501 Achilleidosque
1236 2421 1307 2485 libri
1330 2430 1362 2485 et

321 2516 470 2583 suv.11.
487 2522 517 2583 2.
535 2521 564 2583 3.
583 2521 611 2584 r.
636 2523 666 2586 5.
690 2524 714 2585 u
741 2523 767 2588 1.
792 2526 822 2588 a
846 2526 875 2588 a.
901 2525 930 2589 1.
955 2526 984 2588 5.
1010 2527 1039 2590 c.
1064 2527 1101 2588 111
1128 2527 1153 2590 1.
1179 2525 1262 2591 aa.
1281 2527 1310 2590 1.
1330 2528 1359 2589 5.
1426 2511 1430 2517 ’

320 2621 362 2684 lV
388 2624 413 2686 1.
438 2625 467 2686 2.
493 2624 522 2688 4.
548 2627 577 2690 6.
603 2627 632 2690 8.
657 2627 685 2690 V
711 2627 739 2692 1.
764 2631 793 2692 2.
818 2630 848 2692 3.
873 2629 902 2693 li.
928 2631 962 2708 53
986 2635 1215 2713 hendecasyllabi
1237 2632 1361 2695 iuveni-

320 2735 417 2789 untur
440 2729 472 2790 in
495 2728 617 2793 Sidonii
641 2733 731 2810 epist.
759 2734 784 2796 ll
809 2734 828 2798 8
852 2743 884 2798 et
910 2736 958 2800 10.
983 2737 1020 2799 lll
1046 2737 1094 2800 12.
1119 2737 1160 2799 lV
1186 2738 1234 2801 11.
1259 2737 1361 2800 Vlll9

320 2839 351 2894 et
377 2833 426 2895 11.
452 2852 479 2896 c.
504 2834 533 2898 9.
560 2837 609 2898 12.
638 2836 677 2900 13
702 2837 787 2922 (inde
811 2858 831 2902 a
854 2859 883 2902 ν.
908 2837 975 2922 21.)
1002 2841 1049 2906 11.
1076 2843 1126 2906 23.
1152 2841 1203 2921 21,
1228 2843 1260 2904 in
1284 2841 1359 2905 Silr.

320 2937 383 3000 16.
408 2937 432 2998 ll
456 2939 484 3001 7.
508 2939 549 3001 lV
573 2941 592 3004 3
616 2948 648 3003 et
670 2942 704 3020 93
728 2935 850 3006 metram
865 2949 1042 3024 Sapphicum
1066 2946 1150 3028 quod
1173 2947 1282 3009 dicunt
1305 2948 1361 3009 ad-

273 3039 277 3046 ’
318 3040 453 3103 hiarium
469 3051 517 3105 esi
532 3045 617 3123 apuu
634 3045 800 3110 Sidonium
816 3049 906 3127 epist.
932 3051 973 3112 ur
1000 3050 1038 3114 rc
1062 3057 1093 3113 ei
1115 3051 1148 3113 in
1172 3051 1247 3114 sav.
1272 3052 1358 3116 111.
1457 3039 1459 3044 ’

424 3147 573 3210 Sidonius
597 3150 660 3213 duo
685 3152 811 3230 scripsit
834 3159 1037 3233 epithalamia:
1060 3175 1086 3220 c.
1114 3155 1151 3219 11
1177 3156 1307 3219 Ruricio
1330 3164 1361 3220 et

308 3249 440 3336 lberiae
470 3251 590 3315 dictum
619 3263 699 3317 etc.
728 3257 767 3319 15
792 3258 934 3323 Polemio
957 3269 988 3324 et
1019 3260 1199 3326 Araneolae
1230 3262 1358 3337 dictum,

319 3353 439 3416 Statius
463 3375 563 3418 unuin
586 3358 619 3421 in
636 3359 767 3422 Stellam
791 3369 823 3424 et
837 3362 1051 3429 Violentillam
1068 3366 1142 3429 Silv.
1160 3369 1172 3429 l
1190 3369 1219 3431 2.
1244 3371 1358 3429 Euclea-

317 3463 447 3521 risticum
475 3461 516 3522 ad
542 3461 697 3525 Faustum
714 3464 884 3529 Reiensem
901 3470 1086 3548 episcopum
1103 3472 1212 3534 titulus
1236 3479 1284 3534 est
1309 3470 1358 3534 16.

319 3561 440 3625 Sidonii
457 3566 617 3646 carminis,
636 3573 846 3632 eucharisticon
869 3572 909 3634 ad
932 3574 1008 3652 imp.
1032 3574 1112 3655 Aug.
1131 3577 1357 3639 Germanicum

321 3667 537 3732 Domitianum
559 3672 742 3736 inscribitur
765 3693 791 3738 c.
817 3674 891 3738 Silv.
916 3677 957 3740 lV
980 3681 1009 3742 2.

325 3802 344 3871 ¹)
363 3802 402 3857 Cf.
422 3805 486 3859 Silv.
506 3809 591 3875 praef.
611 3809 627 3862 l.
647 3809 673 3876 l.‚
693 3809 744 3864 hos
763 3812 876 3881 libellos5
897 3815 942 3882 qui
966 3816 1032 3869 inihi
1045 3819 1130 3871 subito
1143 3821 1231 3872 colore
1250 3824 1276 3872 et
1294 3836 1360 3886 qua-

357 3890 421 3942 dam
440 3893 593 3956 festinandi
610 3897 750 3966 voluptate
767 3901 908 3966 fluxerunt
921 3944 1031 3958 .....
1051 3904 1156 3957 nullum
1176 3905 1247 3958 enirn
1262 3906 1360 3958 exiliis

355 3975 438 4030 biduo
452 3979 559 4048 longius
578 3987 703 4051 tractum,
724 3988 859 4052 quaedam
880 3989 950 4042 etin
969 3990 1083 4058 singulis
1103 3992 1199 4046 diebus
1219 3994 1314 4060 eliusa,
1335 3999 1362 4048 et

239 4127 241 4132 Ι
352 4063 445 4118 Sidon.
470 4067 547 4136 epist.
572 4069 608 4121 IX
628 4069 673 4124 13:
697 4072 807 4141 suscipe
826 4073 922 4142 libens,
951 4078 1024 4142 quod
1051 4080 1221 4147 temporibus
1245 4081 1360 4150 Augusti

352 4149 503 4220 Maioriani,
523 4173 585 4208 cum
605 4163 701 4224 rogatu
721 4158 863 4213 cuiusdam
891 4163 993 4216 sodalis
1013 4165 1048 4217 ad
1066 4182 1180 4219 coenam
1201 4169 1360 4222 convenire-

351 4255 422 4305 muS,
442 4239 470 4291 in
483 4239 554 4294 Petri
568 4242 666 4295 librum
680 4245 803 4312 magistri
818 4247 994 4316 epistolarum
1008 4253 1094 4304 subito
1106 4255 1243 4321 prolatum
1257 4257 1361 4308 sirbitus

352 4326 454 4390 offudis
