3232 5248
1232 549 1272 615 81

279 755 335 815 pro
369 728 669 815 [expansus-armis)
707 729 746 795 el.
789 729 846 792 Th.
875 729 913 791 lll
943 729 1016 793 670.
1055 763 1093 771 -
1118 726 1150 790 S.
1180 725 1217 788 lll
1244 726 1274 804 2,

281 841 344 905 129
367 859 413 921 sq.
438 838 687 902 vastos-fluetus

240 943 417 1010 veternus
447 945 477 1022 7,
508 942 572 1006 596
596 960 641 1022 sq.
667 937 774 1003 attolle
802 956 900 1018 genas
923 955 962 1000 ac
991 943 1084 1014 turpe
1113 931 1276 1015 veternum!

281 1052 425 1127 Depone3
449 1046 505 1109 Th.
525 1046 563 1109 Vl
580 1046 621 1110 94
639 1065 684 1126 sq.
700 1053 901 1123 transgressa
915 1053 1027 1104 veterno
1036 1039 1167 1124 [Fertur
1182 1056 1274 1114 avos;
1342 1073 1353 1091 ·

282 1154 313 1218 S.
338 1154 375 1215 lll
399 1155 428 1232 2,
456 1152 517 1216 119
540 1172 586 1232 sq.
611 1150 728 1213 blando
752 1169 816 1230 qua
839 1167 945 1212 mersa
960 1157 1071 1210 veterno
1087 1144 1145 1229 (ita
1167 1147 1276 1205 Markl.

282 1277 339 1337 pro
361 1280 475 1336 veneno,
499 1256 584 1338 quod
608 1254 632 1318 C
656 1274 675 1318 a
698 1251 862 1335 exhibent)
869 1251 999 1335 lAcuas
1022 1250 1183 1314 Ausonias
1199 1245 1278 1326 fugit

284 1361 452 1440 Cleopatra
475 1369 617 1424 catenas.

239 1468 288 1547 At,
313 1468 396 1530 dieet
418 1466 541 1547 aliqum,
566 1466 619 1546 qui
642 1464 770 1543 probari
793 1470 898 1541 potest
917 1461 1084 1525 Sidonium
1106 1459 1277 1523 verborum

239 1571 475 1651 supellectilem,
500 1571 591 1634 euius
615 1570 710 1632 modo
734 1576 858 1647 partem
881 1567 1089 1646 praeeipuam
1117 1563 1277 1643 collegisti,

239 1696 304 1739 non
326 1667 549 1756 undeeumque
581 1693 620 1737 ex
648 1673 848 1752 superiorum
874 1677 1016 1734 aetatum
1043 1668 1278 1748 deprompsisse

240 1780 365 1858 poetis?
399 1779 463 1860 Ego
493 1799 569 1844 vero
600 1777 678 1842 nihil
701 1777 786 1840 aliud
818 1775 904 1839 volui
938 1776 1157 1839 demonstrare
1181 1792 1278 1854 quam

240 1885 406 1964 utriusque
428 1892 543 1962 poetae
566 1883 690 1946 dicendi
706 1882 862 1945 rationem
886 1880 1016 1943 omnino
1040 1877 1138 1942 fuisse
1161 1876 1278 1940 similli-

242 2005 339 2049 mam.
364 1985 497 2048 Constat
512 1994 620 2049 autem
636 1986 773 2049 Statium
791 2003 888 2047 voees
905 1984 1062 2064 quasdam
1085 1983 1275 2046 locutiones-

243 2107 304 2170 que
327 2089 442 2152 iterum
466 2097 562 2169 atque
589 2090 705 2152 iterum
728 2088 879 2151 adhibere
902 2107 967 2150 non
990 2088 1162 2166 dubitasse,
1197 2105 1279 2168 quae

244 2212 319 2256 eum
342 2194 427 2272 apud
451 2193 617 2256 Sidonium
635 2209 762 2273 quoque
778 2191 951 2254 admodum
974 2191 1157 2272 frequentes
1173 2209 1281 2254 rerur-

241 2305 322 2374 rant,
347 2317 424 2361 num
448 2317 526 2360 easu
549 2298 580 2360 id
603 2297 757 2360 accidisse
779 2296 987 2374 putabimus‘.>
1010 2295 1064 2358 Est
1087 2304 1173 2360 uerte
1198 2294 1279 2358 haee

242 2403 312 2480 ipsa
334 2421 386 2466 res
409 2403 449 2465 ad
467 2421 535 2466 rem
556 2421 683 2484 quoque
699 2402 843 2464 criticam
859 2401 991 2464 maximi
1003 2419 1099 2480 saepe
1116 2401 1278 2464 momenti.

244 2506 281 2567 Et
295 2514 331 2567 ut
354 2508 513 2586 quaedam
528 2508 593 2570 iam
608 2506 694 2585 apud
709 2506 881 2585 superioris
905 2505 1019 2568 aetatis
1044 2513 1171 2584 poetam
1195 2503 1282 2567 velut

245 2607 418 2687 Vergilium
457 2611 669 2690 inveniantur,
710 2611 840 2674 minime
874 2609 947 2672 inde
982 2609 1130 2689 efficitur,
1158 2627 1197 2672 ex
1229 2607 1281 2670 illo

245 2713 315 2790 ipso
332 2730 371 2774 ea
394 2730 465 2775 esse
481 2714 592 2790 petita:
617 2733 812 2795 quamquam
836 2715 890 2795 qui
913 2715 957 2776 ita
980 2722 1112 2777 censent
1135 2713 1282 2792 redargui

248 2815 334 2878 haud
358 2813 450 2880 facile
477 2817 609 2896 possint.
643 2816 685 2878 At
705 2817 790 2897 quod
813 2819 867 2880 vix
889 2816 988 2881 relelli
1010 2825 1125 2897 potest,
1150 2833 1226 2880 num
1251 2815 1282 2877 id

244 2938 283 2982 ea
312 2921 383 2999 ipsa
411 2921 450 2984 de
479 2939 579 2984 eausa
601 2921 666 2984 iam
694 2939 752 2999 pro
776 2928 939 2999 comperto
963 2921 1147 2985 habendum
1170 2921 1240 2984 est?

246 3109 265 3178 ¹)
286 3107 326 3163 Cf.
352 3111 522 3176 Bernhardy.
546 3109 572 3162 h.
597 3109 613 3162 l,
639 3109 689 3163 R.⁵
707 3107 771 3162 514:
799 3109 903 3162 ander
931 3109 1123 3185 festgesetzten
1150 3108 1283 3162 Auswahl

280 3195 538 3250 wiederkehrender
560 3195 674 3261 Wiirter,
698 3194 830 3262 Phrasen,
855 3194 1032 3261 Gleichnisse‚
1056 3195 1180 3263 Figuren,
1200 3194 1283 3248 deren

281 3282 436 3350 Halufigkeit
454 3283 482 3334 in
502 3282 621 3337 Schwall
639 3283 696 3335 und
714 3283 844 3350 gesuchte
862 3282 1026 3336 Dunkelheit
1043 3283 1171 3350 auslttuit,
1195 3283 1284 3336 merki

282 3385 348 3422 man
368 3370 421 3423 den
440 3368 644 3439 improvisator,
664 3370 712 3422 der
730 3369 779 3422 mit
797 3369 858 3424 dem
883 3369 1043 3440 poetisclren
1058 3369 1177 3424 Hausrat
1196 3371 1282 3440 spielt.
