3232 5248
684 736 1014 806 mmmmmm

579 829 693 891 Procul
717 827 792 891 hinc
815 837 846 890 el
869 829 1093 907 Hippocrenen

579 931 857 1014 Aganippicosque
881 931 985 996 fontes

578 1037 615 1098 Et
638 1041 801 1117 Apollinem
824 1056 979 1100 canorum

579 1141 813 1205 Comitantibus
837 1144 970 1204 Camenis

580 1245 756 1326 abigamus
779 1253 811 1309 et
833 1245 1010 1309 Minervam

580 1351 679 1429 Quasi
703 1349 881 1428 praesulem
905 1351 1049 1414 canendi.

581 1459 756 1522 Removete
779 1458 853 1520 ficta
877 1456 958 1520 fatu:

578 1564 661 1626 Deus
685 1562 747 1624 isla
770 1569 913 1640 praestat
935 1581 1028 1626 unus,

328 1667 374 1731 Cf.
400 1669 497 1732 etiam
519 1668 571 1748 23,
599 1667 670 1732 122,

750 1767 951 1834 mama

370 1859 430 1922 Ast
452 1876 510 1938 ego
534 1877 595 1922 nec
610 1862 764 1936 Phoebum,
788 1876 985 1940 quamquam
1011 1856 1089 1920 mihi
1112 1858 1209 1920 surda
1232 1859 1301 1922 sine
1314 1856 1367 1920 illo

371 1963 504 2044 Plectra,
529 1981 589 2026 nec
614 1963 734 2026 Aonias
757 1967 867 2025 melma
891 1985 955 2024 caru
978 1967 1101 2024 Pallade
1123 1968 1206 2025 clivus

373 2067 436 2130 Aut
459 2068 570 2131 mitem
593 2068 716 2147 Tegeae
739 2067 888 2130 Dircesve
911 2066 1066 2131 hortabor
1089 2067 1268 2130 alumnum:

374 2176 440 2252 lpse
462 2179 525 2235 vem
548 2172 695 2254 viresque
718 2191 822 2236 novas
846 2170 1054 2253 animumque
1077 2171 1231 2250 ministra,
1251 2203 1252 2208 κ

371 2282 426 2353 Qal
448 2277 582 2342 cancris

327 2380 373 2446 Cf.
397 2383 493 2445 etiam
517 2381 549 2446 S.
573 2380 601 2443 V
624 2383 654 2461 3,
682 2382 744 2444 1-7.

719 2481 797 2550 Verg.
816 2481 846 2535 A.
867 2480 901 2535 IV
919 2481 971 2536 512

372 2572 542 2651 Sparserat
564 2583 589 2636 el
612 2578 709 2635 latices
732 2577 883 2634 simmatus
903 2576 994 2649 fontis·
1021 2572 1149 2636 Averni.

773 2781 813 2845 16,
832 2779 866 2833 85
885 2796 925 2846 sq.

371 2873 504 2949 Deripui,
527 2866 637 2950 fatcor,
663 2868 740 2931 mihi
763 2869 921 2950 conscius
946 2876 1042 2950 atque
1066 2877 1196 2948 repente

377 2978 475 3036 Tlaml
498 2974 688 3037 odorantem
710 2974 827 3054 pavido
850 2974 1031 3038 reverentia
1053 2979 1172 3038 vallant.

730 3093 797 3148 Aah.
816 3093 827 3145 Ι
845 3094 960 3148 303-306

371 3180 539 3266 Derlpall1)
566 3184 704 3266 totisque
727 3203 848 3247 novum
871 3183 951 3246 bibit
973 3184 1100 3247 ossibus
1124 3185 1238 3263 ignem.

371 3287 438 3351 Nec
460 3288 537 3352 latet
559 3287 694 3351 haustus
718 3308 818 3369 amor,
842 3289 898 3352 sed
921 3287 974 3351 fax
999 3288 1126 3352 vibrata
1148 3289 1292 3353 medullis

371 3393 405 3455 ln
427 3399 522 3456 vallas
544 3402 641 3474 atque
664 3413 722 3458 ora
745 3393 825 3457 redit
850 3394 1018 3476 lucemque
1041 3413 1196 3476 genarum

375 3501 469 3577 Tingit
491 3505 523 3560 et
545 3497 716 3576 impulsam
738 3499 826 3561 tenui
850 3499 965 3563 sudore
989 3508 1140 3578 pererrat.

769 3724 865 3790 mm

375 3809 456 3890 Ergo
481 3835 542 3892 epe,
567 3816 691 3892 Pierias,
714 3816 817 3893 Erato,
842 3814 918 3876 mihi
941 3822 1071 3894 percute
1094 3813 1238 3878 chordas

769 3934 811 4000 22,
831 3933 866 3988 20
884 3951 923 4001 sq.

372 4017 480 4080 Pande
503 4017 598 4098 igitur
621 4043 737 4100 causae,
761 4025 863 4102 Ereta
886 4022 1070 4103 laribusque
1093 4022 1142 4101 sit,
1167 4022 1234 4102 ede,

371 4120 448 4199 Quis
470 4123 595 4201 genius:
620 4131 746 4187 tantum
769 4133 898 4190 nonest
921 4126 990 4189 sinc
1013 4125 1160 4204 praesule
1184 4125 1318 4188 culmen.

330 4291 710 4361 pmmvmmm
