3232 5248
327 567 369 630 60

770 739 796 793 S.
816 739 881 804 112,
900 739 934 793 83

372 851 447 908 Ante
472 858 567 909 turrice
590 856 724 910 cunctas
747 845 858 925 procul
881 847 1000 909 eminet
1023 867 1089 910 una
1111 848 1241 912 diaetis:

328 951 372 1012 ita
395 951 480 1013 enim
505 969 578 1014 cum
602 955 780 1013 Marklando
803 951 1006 1013 scribendum
1030 970 1100 1016 esse
1124 965 1368 1031 protracturum

329 1063 446 1136 cunella,
463 1075 546 1137 quae
569 1060 766 1118 Baclireosius
793 1055 929 1118 mutavit
960 1056 992 1118 in
1019 1060 1082 1134 ,illo
1104 1068 1123 1122 t.
1148 1059 1192 1138 σέ,
1218 1077 1369 1138 magnam

330 1158 428 1222 hahet
450 1160 707 1238 probabilitatem
730 1158 798 1223 coll.
823 1158 879 1222 Th.
898 1160 949 1222 Vll
974 1161 1037 1224 690
1061 1181 1106 1241 sq.

372 1269 486 1328 Eminet
510 1276 575 1327 unte
598 1270 670 1326 alios
693 1265 757 1328 iam
780 1264 1024 1328 formidantibus
1047 1284 1126 1328 arva

374 1368 590 1448 Amphiaraus
613 1370 712 1451 equis.

748 1511 956 1518 ——.-—-—.-—-.

772 1596 790 1648 2
815 1594 931 1649 407409
1032 1645 1034 1650 .

374 1687 427 1744 Est
448 1688 527 1745 locus
550 1683 679 1763 Oceani,
704 1636 884 1764 longinquis
907 1683 1070 1762 proximus
1093 1683 1186 1763 Indis,

374 1786 443 1850 Axe
466 1787 526 1849 sub
549 1788 614 1850 Eoo
637 1787 862 1852 Nabathaeum
885 1797 995 1852 tensus
1018 1788 1052 1850 in
1074 1788 1203 1866 Eurum,

375 1892 440 1954 Ver
462 1892 516 1954 ubi
540 1893 726 1956 continuum
750 1901 807 1957 est.

569 1983 571 1988 ’
765 1987 975 2079 nfflmm'

377 2107 430 2164 Est
452 2108 542 2181 locus,
568 2102 686 2182 irrigua
709 2121 774 2183 qua
796 2120 875 2181 rupe
898 2102 1063 2164 Garumna
1085 2109 1189 2164 rotate

377 2207 414 2270 Et
436 2214 480 2287 tu,
505 2207 559 2288 qui
582 2206 675 2269 simili
699 2205 831 2270 festinus
853 2207 886 2269 in
909 2224 1051 2287 aequora
1073 2205 1166 2284 lapsu

376 2311 450 2373 Exis
473 2319 607 2374 curvata
629 2311 747 2374 Durani
770 2329 919 2374 muscose
942 2309 1087 2390 saburra,

377 2417 443 2478 lam
466 2416 680 2496 pigrescentes
704 2416 823 2480 sensim
846 2414 1039 2478 confunditis
1062 2432 1183 2477 amnes,

758 2534 806 2588 Th.
826 2535 948 2590 1132234

376 2629 429 2687 Est
451 2631 529 2689 locus
553 2625 713 2710 (Inachiae
730 2626 883 2720 dixerunt
905 2624 1052 2686 Taenara
1074 2619 1206 2704 gentes),

378 2731 448 2808 Qua
471 2730 676 2793 formidatum
703 2729 824 2793 Maleae
848 2729 1026 2808 spumantis
1049 2728 1082 2792 in
1106 2747 1203 2790 auras

378 2835 403 2896 lt
427 2843 524 2914 caput
552 2843 584 2899 et
606 2835 710 2898 nullos
733 2833 870 2898 admittit
892 2832 1030 2896 culmine
1053 2833 1150 2908 visus.

737 2951 975 3020 sunmm

381 3047 431 3106 list
452 3034 532 3106 locris
554 3054 628 3108 ante
652 3044 772 3123 urbem,
797 3063 861 3125 qua
877 3041 1014 3122 primum
1029 3041 1171 3103 nascitur
1193 3040 1304 3118 ingens
1377 3077 1379 3082 -

378 3147 482 3226 Appia
504 3167 633 3230 quaque
658 3147 734 3211 ltalo
757 3149 894 3228 gemitus
917 3146 1054 3209 Almone
1077 3142 1206 3225 Cybebe

381 3253 471 3315 Ponit
495 3263 525 3316 et
549 3254 659 3317 Idaeos
681 3254 746 3316 iam
770 3271 835 3315 non
858 3251 1071 3314 reminiscitur
1093 3249 1206 3312 amnis.

778 3508 803 3574 5,
822 3509 873 3561 301
894 3524 907 3560 s
929 3548 933 3560 .

383 3600 538 3664 Vertebas
561 3619 703 3680 cumpca,
728 3598 859 3678 paulum
886 3525 926 3659 siq
938 3619 1010 3677 pace
1031 3607 1177 3676 sequestra
1241 3647 1243 3649 .

382 3702 525 3768 Classica
546 3703 689 3767 laxasses

754 3802 961 3870 mnmu

385 3896 483 3958 Plena
506 3896 610 3972 minis
634 3914 693 3960 nee
716 3902 844 3973 sceptra
870 3893 931 3958 fide
953 3911 1014 3956 nec
1038 3915 1113 3972 paee
1134 3903 1280 3972 sequestra

384 4000 518 4064 Poscitis

754 4099 963 4167 mmmm

384 4192 517 4254 Pectore
545 4191 580 4252 in
603 4189 673 4251 hoc.
698 4188 758 4252 Ubi
781 4197 857 4251 tunc
879 4188 951 4251 fidei
969 4193 1109 4268 pacisque
1129 4197 1276 4266 sequestra

385 4295 485 4358 Mater
508 4313 580 4358 eras

758 4417 881 4424 -—-.-.
888 4416 963 4422 ..-.-...
