3232 5248
1234 617 1274 680 bl

246 798 453 875 Weptinplrinnr
470 800 501 854 et
517 799 589 869 post
604 809 678 853 eum
695 795 859 871 Huuptinnt
882 791 943 854 hoe
965 791 1036 855 loeo
1059 792 1176 854 caudae
1198 794 1276 854 seri·
1300 773 1305 780 ’

238 899 313 960 here
336 898 476 961 voluisse
499 904 611 958 notum
635 904 690 958 est.
725 894 785 980 (Cf.
810 900 988 958 Kottmonn.
1012 896 1118 960 adnot.
1143 897 1216 959 erit·
1236 897 1276 959 ad

236 1003 267 1066 h.
292 1000 325 1084 l.)
342 1004 445 1081 Quam
462 1000 503 1063 ob
519 1019 587 1063 rem
602 999 723 1062 Sidonii
742 1019 869 1081 quoque
886 1001 975 1064 loeus
990 1001 1125 1064 idoneus
1140 1001 1275 1080 videtur,

238 1107 294 1187 qui
318 1107 468 1170 traditam
492 1106 682 1184 scripturam
705 1112 841 1170 tueatur.

430 1367 578 1447 [Palladis
601 1367 725 1446 speeies
748 1366 927 1446 depingitur
945 1380 984 1447 15,
1005 1366 1093 1446 10-15]

285 1470 358 1535 Atta
381 1483 562 1534 cerastarum
585 1471 678 1548 spiris
702 1481 789 1549 capnt
811 1479 939 1549 asperat
962 1479 1068 1534 atrum

283 1576 469 1656 Congeries;
493 1583 621 1656 torquet
643 1575 809 1637 maculosa
832 1573 995 1638 volumina
1017 1576 1151 1638 mordax

282 1687 388 1762 Crinis,
414 1690 445 1746 et
467 1682 539 1744 irati
563 1681 640 1743 dant
662 1685 747 1742 steno
769 1691 863 1742 taetra
887 1680 999 1759 capilli.

283 1788 464 1870 Squameus
488 1786 528 1850 ad
552 1785 691 1848 mediam
714 1785 829 1848 thorax
853 1805 918 1848 non
942 1786 1086 1863 pervenit
1109 1785 1226 1866 alvum,

283 1894 361 1954 Post
384 1889 553 1972 chalybem
577 1890 734 1968 pendente
758 1889 864 1969 pep103
889 1890 965 1969 tegit
988 1891 1108 1952 extima
1130 1889 1228 1953 limbo

284 1994 399 2059 Cireite
417 2000 503 2074 pullu
525 1994 632 2073 pedes,

440 2113 621 2193 [Tisiphone
645 2114 835 2176 describitur
857 2128 905 2181 Th.
924 2128 935 2179 1
955 2129 1006 2181 103
1025 2115 1075 2196 sq]

286 2217 420 2281 Centum
443 2218 485 2280 illi
509 2226 631 2282 stantes
655 2218 850 2282 umbrabant
872 2238 929 2282 ora
952 2230 1088 2299 onustae,

285 2323 393 2385 Turba
415 2323 520 2386 minor
542 2323 601 2385 diri
625 2328 737 2402 eapitis.

658 2440 865 2510 ramma

813 2533 911 2610 ,riget
934 2530 1064 2594 horrida
1087 2539 1175 2611 tergo

288 2641 383 2713 Pollu,
407 2643 437 2698 et
461 2634 597 2698 caerulei
621 2637 756 2700 redeunt
779 2637 812 2698 in
835 2645 965 2716 pectora
987 2638 1071 2702 nodi.

657 2754 729 2808 Thi
749 2754 864 2808 111116

285 2843 326 2907 Ut
349 2843 444 2922 stetit,
469 2843 606 2921 abrupta
629 2864 693 2924 qua
717 2846 871 2923 plurimus
894 2865 968 2909 aree
992 2845 1165 2910 Cithaeron

287 2947 431 3011 Oeeurrit
456 2947 554 3028 caelu,
577 2952 645 3025 fera
667 2953 752 3010 sibila
775 2956 853 3011 atne
876 2951 989 3014 virenti

286 3051 505 3131 Congeminat.

659 3211 862 3218 —-——-——-.

691 3326 829 3393 amn

284 3416 342 3478 Hie
365 3416 429 3478 duo
453 3416 571 3495 templa
596 3417 724 3498 micant,
749 3436 886 3498 quorum
910 3425 1101 3498 supereminet
1124 3444 1200 3483 nentes

287 3521 326 3584 Ut
350 3521 471 3583 meritis
494 3522 541 3583 sie
564 3522 639 3584 sede
663 3521 762 3602 locust,
787 3529 837 3602 qni
859 3524 1001 3588 eontinet
1023 3524 1088 3588 alta
1130 3599 1133 3606 ¹

289 3625 476 3687 Serutantes
499 3626 623 3688 ratione
649 3627 743 3706 vimS,
768 3628 843 3707 quid
867 3628 1019 3693 maehina
1042 3629 1131 3700 oaeli,

286 3728 367 3804 Quid
392 3728 494 3806 telina,
519 3730 594 3810 quid
618 3729 705 3792 fossa
729 3732 836 3811 marie,
861 3733 936 3813 quid
959 3734 1105 3796 turbidus
1129 3753 1193 3814 aer,

288 3832 371 3910 Quid
394 3833 497 3896 noctis
520 3832 663 3914 lucisque
687 3834 783 3914 vieeS,
808 3842 879 3916 qnid
899 3849 1048 3900 menstruo
1071 3844 1156 3901 lernae

288 3940 469 3999 Incrementa
492 3945 614 4018 parent,
640 3938 771 4000 totidem
795 3958 852 4001 eur
875 3947 985 4004 domna
1008 3952 1192 4024 sequantur.

661 4057 866 4124 anama

288 4147 372 4212 Ante
396 4156 504 4212 tamen
528 4157 661 4212 cunetas
679 4156 786 4230 procul
808 4159 908 4214 ennnet
931 4176 992 4215 nna
1015 4153 1138 4232 diaetis,

286 4257 364 4328 Qreue
387 4253 442 4316 tibi
467 4253 692 4331 Parthenopen
715 4255 844 4320 dereeto
868 4258 965 4321 limite
989 4259 1078 4335 ponti

285 4357 408 4436 Ingerit.
