3232 5248
1245 602 1285 665 27

246 787 289 849 De
312 785 344 848 vi
366 791 463 866 atque
485 802 547 848 usn
566 785 721 864 qynmadr'r
742 779 831 843 vocis
855 778 894 843 cf.
920 783 1001 842 Aera.
1026 782 1143 842 Grossii
1158 775 1286 839 observ.

247 891 279 954 in
303 891 396 955 Statii
411 889 487 953 silv.
512 907 597 968 spec.
621 887 664 950 24
678 905 735 967 sc,
760 885 814 971 qui
837 885 917 949 duos
940 884 1028 948 locos
1051 883 1082 946 S.
1107 883 1131 944 n
1154 883 1187 948 2,
1209 881 1228 944 8
1253 888 1285 943 cr,

247 994 326 1058 Ach.
339 995 350 1056 Ι
363 993 426 1058 358
440 991 545 1057 omisit
557 999 588 1056 et
600 1011 658 1071 pro
670 991 706 1052 ΙΙΙ
721 989 749 1070 1,
759 989 801 1054 44
814 1007 983 1069 perperam
996 987 1103 1068 posuit
1118 988 1154 1049 Ill
1167 985 1193 1066 1,
1215 984 1289 1048 143.

723 1236 747 1301 2,
767 1233 819 1288 522

293 1326 317 1388 F
319 1326 472 1405 inierant3
494 1329 625 1408 geminas
648 1325 751 1388 iunxit
773 1327 928 1418 concordia
950 1330 1058 1402 partes

655 1428 682 1481 S.
701 1425 713 1480 Ι
731 1427 755 1494 2,
775 1425 826 1482 239
839 1444 879 1494 sq.

862 1516 917 1580 dat
940 1517 1019 1580 luno
1043 1515 1185 1580 verenda

292 1623 436 1704 Vincula,
461 1630 493 1687 et
515 1622 654 1702 insignes
675 1626 802 1703 yeminat
825 1627 980 1684 concordia
1005 1621 1125 1685 tacdaS.

250 1727 295 1792 Cf.
320 1733 441 1807 Mar-kl„
465 1727 519 1809 qui
541 1732 650 1809 insiyni
672 1725 730 1812 (ia
752 1726 838 1789 cnim
861 1726 1012 1790 traditum
1027 1722 1089 1808 est)
1106 1733 1290 1803 suspectum

250 1841 282 1897 et
301 1839 430 1914 cemicas
454 1832 504 1896 vel
519 1854 564 1895 -os
579 1831 695 1913 (nodos)
717 1830 922 1894 scribendum
946 1839 1044 1912 putat.

688 2056 712 2122 2,
731 2055 855 2110 537-539.

295 2126 338 2208 Α”ῑ
360 2162 433 2208 mea
454 2145 519 2208 iam
542 2143 631 2206 nimii
654 2144 834 2223 propellunt
858 2148 983 2207 carbasa
1006 2145 1115 2208 ssatus:

296 2250 389 2330 Siste,
415 2267 559 2328 camena,
584 2248 696 2312 modos
719 2257 842 2324 tenues,
861 2260 1046 2331 portumque
1070 2249 1189 2328 peremi

295 2356 362 2418 lam
385 2354 510 2434 placido
533 2354 643 2418 sedeat
667 2354 745 2416 mihi
769 2354 922 2418 carminis
945 2373 1066 2419 ancora
1088 2353 1195 2418 fundo.

690 2463 734 2543 ’7,
756 2473 835 2527 1416

296 2566 460 2628 Incassum
483 2565 557 2646 iam,
583 2569 680 2644 Mara,
706 2582 814 2645 pavea,
839 2563 924 2645 qnod
947 2564 1086 2642 propulit
1109 2563 1226 2626 Auster

297 2669 376 2732 Vela
399 2675 474 2732 ratis
497 2677 641 2750 nostram
659 2675 764 2752 pelaqo
788 2670 863 2751 quia
886 2688 1014 2734 currere
1037 2668 1142 2734 famae

297 2771 477 2853 CoepimuS,
502 2791 543 2838 en
566 2774 654 2836 sidus
677 2775 762 2856 quod
784 2793 844 2838 nos
866 2793 923 2854 per
946 2774 1076 2838 caerula
1098 2783 1212 2839 servet.

695 2892 736 2960 rr,
756 2892 852 2948 99-101

296 2982 359 3047 Sed
382 2982 447 3047 iam
471 2980 601 3062 sufficit3
625 3000 701 3047 ecce
724 2981 832 3064 linque
854 2993 981 3063 portum,

231 3083 257 3177 ἰ
296 3087 344 3150 Nc
367 3096 397 3151 te
421 3087 561 3166 pondere
584 3086 655 3166 plus
678 3105 823 3166 premam
848 3087 1016 3154 saburrae.

295 3191 351 3253 His
373 3193 406 3254 in
428 3192 574 3256 versibus
597 3210 750 3256 ancoram
772 3191 897 3256 levabo.

255 3293 300 3359 Cf.
326 3300 422 3359 etiam
445 3297 534 3376 epist.
559 3296 602 3359 IX
627 3296 676 3377 16,
704 3296 719 3360 1
744 3316 812 3378 sqq.

683 3414 731 3469 Th.
750 3414 798 3467 XII
817 3415 868 3471 809

297 3504 335 3567 Et
358 3523 431 3568 mea
452 3505 517 3568 iarn
539 3503 635 3584 longo
659 3506 775 3569 meruit
797 3513 872 3569 ratis
894 3529 1017 3588 aequore
1034 3517 1164 3588 portum.

344 3607 345 3611 '
670 3624 881 3692 anama

298 3712 391 3775 Nunc
414 3713 442 3774 si
464 3711 545 3778 forte
568 3715 648 3777 meis
671 3733 754 3795 quae
778 3715 841 3778 sint
864 3717 997 3780 exordia
1018 3723 1110 3780 musis

299 3816 387 3880 Scire
410 3817 500 3897 petia,
524 3818 590 3880 iam
613 3817 762 3881 Sidonios
784 3835 917 3884 emensa
938 3820 1065 3886 labores

298 3918 436 3985 Thebais
460 3928 570 4001 optato
594 3921 717 4002 collegit
741 3926 865 3986 carbasa
881 3937 983 4005 portu.

697 4165 856 4232 amma

300 4251 483 4332 Attamen,
509 4275 524 4313 o
549 4257 698 4334 Princeps,
723 4274 806 4336 quac
830 4275 916 4320 nunc
940 4258 997 4320 nbi
1021 4257 1131 4321 classis
1154 4268 1185 4322 ct
1209 4283 1296 4323 arma

299 4356 499 4437 Tractentur,
524 4381 612 4438 quam
642 4382 749 4440 maqna
774 4384 860 4442 qeras
888 4381 985 4442 quam
1014 4370 1157 4441 tempore
1187 4383 1295 4444 parvo,
