3232 5248
1242 568 1283 632 31

248 743 332 801 bosus
354 757 420 802 non
442 757 591 817 magnam
616 737 790 802 herbarum
813 738 940 818 copiam
963 739 1128 821 significat,
1153 741 1209 805 sed
1231 761 1286 805 co-

248 844 348 908 lorem
371 842 546 906 herbarum
579 841 677 907 colori
700 842 905 925 simillimum,
938 844 983 908 ita
1005 849 1136 908 undosus
1159 863 1286 927 quoque

248 949 290 1011 ad
312 947 452 1012 colorem
476 949 647 1013 marmoris
671 947 808 1030 Carystii
830 947 1032 1014 referendum
1056 959 1105 1014 est
1127 950 1286 1015 undarum

249 1054 347 1117 colori
369 1054 572 1133 persimilem.
596 1055 631 1116 ln
653 1053 763 1118 lexicis
785 1054 914 1136 quidem
937 1056 976 1120 de
999 1054 1062 1119 hac
1084 1056 1115 1118 vi
1139 1055 1286 1119 adiectivi

249 1160 392 1222 undosus
404 1159 481 1222 nihil
497 1159 642 1223 invenias
660 1160 850 1241 expositum,
868 1179 1064 1242 quamquam
1080 1160 1165 1224 haud
1182 1180 1287 1240 pauca

249 1263 390 1326 eiusdem
400 1265 504 1326 exitus
513 1264 670 1328 adiectiva
678 1264 772 1327 simili
781 1265 1011 1344 significatione
1020 1266 1105 1345 apud
1116 1266 1287 1344 scriptores

249 1369 463 1434 inveniuntur.
476 1367 499 1451 ¹)

665 1493 872 1500 -μ--ῌ

691 1591 716 1660 5,
737 1591 850 1646 uana

697 1687 802 1746 Securo
825 1689 900 1746 iaces
923 1682 1019 1747 oblito
1043 1692 1181 1765 luorum,

293 1794 316 1851 0
333 1795 428 1871 piper,
452 1797 483 1852 et
505 1789 625 1853 mundo
648 1789 796 1868 princeps
820 1786 879 1872 (sic
902 1788 1033 1852 saecula
1050 1793 1188 1872 poscunt)

292 1893 488 1958 Maiorianus
512 1895 579 1959 erit.
605 1896 741 1957 Clamant
763 1892 826 1956 hoc
848 1893 955 1957 sidera
978 1893 1086 1974 signia,

294 1997 362 2061 Hoc
385 1996 532 2060 homines
556 1998 647 2063 votis

664 2097 711 2153 Th.
720 2098 744 2150 ll
756 2097 872 2150 roa-104

293 2187 366 2251 Non
389 2187 494 2251 somni
517 2187 574 2250 tibi
597 2195 734 2268 tempus
758 2195 846 2268 iners,
871 2188 925 2269 qui
948 2197 1042 2253 nocte
1067 2191 1127 2254 sub
1150 2190 1216 2255 alta

294 2293 450 2357 Germani
473 2298 678 2373 securitates,
702 2293 843 2373 ingentia
865 2293 985 2357 dudum

296 2398 379 2462 Acta
400 2410 501 2462 vocant
523 2416 695 2481 rerumque
719 2416 843 2478 graves,
868 2403 977 2481 ipaove,
999 2395 1171 2483 paratus.²)

689 2676 713 2744 5,
734 2675 848 2731 naus

295 2763 355 2842 Qui
378 2764 467 2842 vigor
490 2765 523 2826 in
546 2765 694 2844 pedibus!
719 2765 838 2829 frustra
860 2766 921 2828 sibi
943 2774 1040 2829 natus
1063 2765 1196 2845 Ophelte

295 2869 457 2932 Sicaniam
480 2869 589 2934 tribuit
611 2870 761 2950 palmam,
785 2871 975 2952 plantasque
999 2871 1156 2950 superbas

295 2974 388 3037 Haud
412 2974 457 3036 ita
479 2993 536 3054 per
559 2975 679 3038 siccam
702 2975 846 3039 Nemeen
870 2981 943 3038 citus
966 2975 1077 3039 extulit
1100 2980 1208 3054 Arcas,

296 3077 393 3141 Cuius
416 3078 450 3141 in
472 3078 585 3142 Aetolo
608 3079 794 3143 volitantem
811 3083 932 3159 pulvere
954 3085 1088 3142 matrem

295 3185 422 3246 Horruit
445 3188 649 3264 Emporitanos,
673 3184 773 3247 mullo
798 3185 851 3265 qui
876 3183 1016 3262 caespite
1039 3190 1109 3246 circi

295 3287 487 3368 Contemptu
509 3290 704 3368 praemissus
727 3296 805 3369 erat,
832 3308 906 3352 cum
929 3289 1066 3352 carceris
1089 3297 1182 3352 antro

295 3395 429 3458 Emicuit
451 3395 564 3474 pernix
585 3395 703 3475 populo
726 3394 903 3474 trepidante
926 3394 1046 3475 virago,

296 3498 346 3562 Nil
369 3506 436 3562 toto
460 3498 586 3563 tactura
605 3505 712 3582 produ,
737 3519 811 3563 oum
831 3504 962 3580 pallidus
985 3497 1036 3561 ille

253 3636 273 3705 ¹)
291 3638 331 3691 lta
348 3637 421 3692 hanc
443 3655 540 3693 vocem
566 3639 757 3708 explicandam
781 3654 944 3692 censueram
964 3637 1042 3690 Statii
1065 3637 1132 3690 locis
1151 3637 1214 3690 Silv.
1234 3636 1245 3688 Ι
1263 3637 1287 3703 2,

298 3723 450 3792 149sq.1v
469 3727 492 3792 2,
512 3726 545 3778 26
567 3743 625 3794 sqq.
645 3731 672 3780 et
692 3725 819 3779 Martiani
832 3725 960 3795 Capellae
979 3724 1013 3778 VI
1026 3724 1076 3777 659
1095 3742 1120 3793 p.
1141 3724 1191 3776 226
1209 3724 1287 3794 Eyss,

296 3812 387 3866 verbis
410 3813 545 3878 inductus,
574 3829 645 3880 quae
669 3812 703 3865 Μ.
721 3813 857 3882 Hauptius
876 3829 970 3882 opusc.
998 3811 1033 3864 III
1059 3812 1109 3865 129
1128 3830 1167 3881 sq.
1187 3812 1288 3866 attulit:

298 3901 422 3968 Carystos
440 3918 574 3954 arar-more
591 3903 717 3967 fluctibus
735 3902 871 3953 concolora
875 3919 887 3967 ;
914 3905 1008 3955 monet
1026 3905 1119 3956 autem
1138 3900 1166 3954 C.
1185 3900 1289 3954 Schen-

297 3988 385 4043 kelius
404 4005 515 4042 summa
532 3988 701 4055 liberalitate,
724 4004 821 4042 vocem
841 3988 1009 4042 ›undosam‹
1030 3989 1066 4042 ad
1083 3988 1170 4042 lineas
1188 3987 1289 4040 virides

296 4077 434 4130 undarum
452 4077 480 4130 in
504 4078 617 4132 modum
636 4077 716 4146 quasi
734 4078 899 4132 fluctuantes
917 4076 1091 4131 referendam
1118 4093 1188 4142 esse,
1217 4091 1288 4143 quac

296 4165 324 4217 in
342 4181 481 4218 marmora
494 4164 620 4234 Carystio
639 4182 668 4220 re
686 4181 753 4220 vera
771 4165 887 4220 candido
905 4171 1065 4236 appareant,
1084 4165 1143 4220 coll.
1163 4161 1287 4214 Bursian.

295 4269 384 4321 geogr.
404 4251 498 4308 Graec.
517 4252 547 4306 ll.
566 4251 626 4306 398.

252 4339 273 4410 ²)
293 4337 332 4394 Ci.
353 4338 445 4396 Claud.
459 4340 495 4394 'In
514 4340 576 4394 Ruf.
596 4340 607 4392 l
628 4339 678 4393 tto
697 4358 754 4413 sqq.
