3232 5248
349 577 390 642 Is

343 753 387 815 De
411 751 559 815 hocloco
575 753 723 818 conseras
747 775 786 819 ea
809 776 891 838 qnae
916 757 1066 822 Albertus
1089 761 1199 828 lmhof.
1224 764 1257 826 in
1280 765 1383 829 libello

345 857 396 918 eui
420 858 584 936 inscripsit
607 860 640 924 P.
659 860 782 939 Papinii
806 861 899 925 Statii
922 864 1030 944 ecloga
1053 866 1093 928 ad
1117 887 1258 945 uxorem,
1276 888 1384 933 emen-

343 962 431 1024 davit
446 969 478 1025 et
493 962 657 1026 adnotavit
673 969 807 1028 Ahertns
824 969 926 1045 hnhot'.
944 969 1044 1049 (HaIle
1063 971 1146 1036 1863
1169 992 1199 1050 p.
1216 971 1270 1057 25)
1287 993 1383 1053 erpo-
1403 1055 1405 1060 ¹
1463 1053 1466 1056 Ι

344 1067 416 1146 snit,
453 1069 508 1149 qni
532 1069 680 1132 traditam
704 1072 894 1150 scripturam
929 1061 1095 1154 elehanan,
1119 1096 1215 1157 quam
1247 1079 1299 1142 ahi
1322 1081 1384 1143 aha

345 1172 470 1234 ratione
494 1173 728 1236 emendandam
751 1175 918 1257 putabant,
942 1178 1023 1240 tueri
1047 1188 1190 1243 conatur.

782 1398 806 1467 9,
825 1399 941 1456 neo-eas

387 1483 485 1547 Cuius
510 1486 537 1547 si
560 1487 684 1549 varium
709 1488 795 1568 Iegas
818 1509 943 1570 poema,

389 1593 461 1651 Tnm
487 1594 628 1653 Phoebum
651 1597 692 1653 nel
715 1597 866 1675 Hyantias
886 1601 1000 1674 patenas

387 1699 488 1756 Pomm
511 1697 655 1759 madidas
679 1697 720 1760 ab
744 1698 953 1778 Hippocrene,

387 1799 476 1861 Tune
499 1798 681 1877 Amphiona
701 1805 849 1880 filiumque
872 1805 980 1880 Maiae,

383 1903 408 1972 T
412 1922 472 1964 une
495 1914 586 1964 entem
610 1908 808 1984 Rhodopeium
831 1923 945 1968 sonare

385 2004 506 2084 Collato
530 2007 745 2071 modulamine
769 2008 940 2073 arbitreris.

728 2128 998 2198 ammam

384 2216 464 2294 Quid
489 2215 643 2297 Cyrrharn
668 2218 717 2282 vel
741 2223 890 2300 Hyantias
913 2243 1057 2298 onerantes,

383 2321 465 2399 Quid
488 2327 583 2383 doctos
607 2323 827 2386 Heliconidum
850 2330 983 2404 upon-es,

384 2424 531 2503 Scalptos
555 2432 632 2488 olitis
655 2431 810 2489 hinnientis
833 2427 906 2508 ieta,

382 2527 475 2591 Nune
497 2531 530 2592 in
553 2531 696 2593 earmina
720 2551 922 2595 commovere
946 2533 1072 2594 tentas?

715 2648 799 2718 Epist.
818 2649 875 2702 VIII
896 2651 935 2715 11,
957 2651 1001 2704 1-4

343 2743 345 2746 ’
383 2737 518 2800 Paulum
540 2739 702 2820 depositis,
728 2740 867 2819 alumna,
894 2739 1020 2818 plectris

383 2839 536 2921 Sparsam
560 2844 678 2922 stringe
702 2867 811 2906 comem
835 2845 956 2908 virente
979 2851 1059 2923 victe,

384 2947 422 3009 Et
444 2967 540 3027 rugas
564 2947 620 3010 tibi
643 2949 793 3029 syrmatis
817 2947 964 3026 profundi

383 3055 558 3133 Snennpnnt
579 3056 701 3114 hederae
723 3057 923 3132 expeditiores,

516 3229 517 3238 Ν
763 3172 789 3225 s,
809 3171 831 3223 n
850 3173 873 3238 7,
891 3173 954 3225 '1-11

383 3259 502 3323 Lucani
526 3261 689 3339 proprium
712 3261 797 3325 diem
819 3260 1006 3343 frequentet,

378 3364 527 3445 Quisquis
551 3365 682 3428 collibus
704 3365 853 3429 Isthmiae
876 3366 992 3428 Diones

384 3471 474 3529 Docto
498 3476 629 3545 pectora
652 3470 831 3531 concitatus
854 3480 956 3546 oesne,
1026 3487 1029 3492 ·

384 3577 539 3634 Pendenh's
563 3576 630 3634 buu
654 3578 778 3653 nnpnlne
800 3578 947 3652 qunorenz.

382 3678 452 3757 Ipsi,
478 3697 559 3758 qnos
583 3696 681 3756 penes
705 3685 753 3740 est
776 3677 879 3740 honor
902 3678 1046 3753 canendi,
1070 3669 1072 3676 ‘

387 3785 500 3843 Veenh's
523 3787 650 3845 citharae
672 3794 802 3862 repertor
825 3787 931 3863 Ancus,

381 3885 418 3948 Et
439 3893 474 3947 tn
497 3886 701 3949 Bassaridum
725 3896 847 3951 rotator
870 3891 988 3965 Enhnn,

380 3993 418 4050 hh
441 3994 542 4051 Pnenn
565 4002 590 4051 et
613 3995 760 4072 Hyantiae
782 4015 895 4054 snmus

381 4094 501 4158 Laetae·
521 4115 697 4173 purpureas
720 4106 836 4160 novate
859 4104 953 4176 vittae,

380 4203 495 4261 Cranen
518 4200 642 4279 comite,
667 4201 900 4282 candidamque
923 4209 1045 4263 vestem

379 4309 566 4381 ,Persuadent
587 4309 709 4366 hederae
731 4311 908 4368 rhenan-es.
