3232 5248
322 586 364 651 34

719 777 786 832 Aah.
804 777 827 828 ll
847 777 961 831 11e113

364 867 425 930 Vix
448 866 525 929 mihi
548 866 694 930 bissenos
716 885 874 930 annorum
898 874 1035 930 torserat
1057 867 1150 932 orbes

366 971 439 1033 Vita
460 972 558 1049 rudis
583 971 728 1035 volucres
752 990 826 1034 cum
848 973 914 1035 iam
932 980 1134 1052 praevertere
1157 991 1270 1037 cervos

364 1074 402 1138 Et
424 1074 574 1154 Lapithas
598 1077 732 1156 cogebat
755 1095 838 1157 equo
856 1083 1080 1158 praemissoque
1103 1099 1191 1138 5555555

369 1184 436 1241 Telo
458 1185 539 1260 55555
561 1199 657 1259 saepe
680 1182 748 1260 ipse
771 1181 871 1260 gradu
895 1199 946 1244 me
969 1189 1119 1260 praepete
1142 1179 1269 1245 Chiron.

709 1301 736 1354 s.
755 1299 790 1351 111
809 1302 831 1366 1,
852 1298 966 1355 555555

953 1409 1011 1454 seu
1033 1390 1143 1455 nubila
1166 1391 1254 1456 disco

364 1497 499 1560 Findere
522 1514 581 1559 seu
605 1493 750 1558 volucres
773 1493 935 1575 Zephyros
953 1500 1129 1574 praecedere
1152 1495 1214 1559 telo

365 1601 430 1665 Seu
453 1599 508 1663 tibi
531 1599 622 1664 dulce
646 1618 745 1662 manu
767 1599 902 1680 liquidas
925 1599 1045 1662 nodare
1068 1598 1253 1677 palaestras,

762 1943 786 2009 5,
805 1941 920 1996 tlt-445

365 2037 489 2099 Interea
512 2033 628 2112 duplici
651 2032 732 2096 texis
755 2033 831 2094 dum
855 2032 945 2096 litore
969 2037 1087 2094 classem

364 2140 490 2204 Inferno
513 2156 692 2219 superoque
716 2139 806 2218 mari,
832 2143 909 2200 radit
932 2144 1079 2200 amnicis
1102 2161 1208 2218 aequor·

364 2250 445 2310 Silva
467 2245 534 2325 tibi,
559 2244 757 2325 nimiumque
780 2244 835 2306 diu
858 2261 914 2322 per
937 2252 1108 2324 utrumque
1131 2250 1250 2322 recisus,

365 2351 540 2430 Apenniue‚
565 2348 649 2413 latus
672 2348 843 2429 navalique
867 2348 1094 2418 arboredives

364 2454 437 2518 Non
460 2454 565 2516 minus
588 2454 621 2516 in
645 2452 775 2532 pelagus
790 2474 939 2515 555555555
962 2472 1060 2532 quam
1075 2453 1173 2515 millis
1192 2472 1353 2534 aqtrarum.

322 2557 367 2623 Cf.
393 2559 541 2636 etiami,
567 2558 631 2621 325
655 2577 700 2638 sq.

743 2675 810 2729 Ach.
829 2674 840 2727 Ι
858 2675 939 2728 43-46

364 2767 437 2831 Non
459 2766 548 2845 potui
570 2764 688 2846 iulelix,
713 2766 948 2844 cumprimum
969 2773 1081 2848 pulpito
1103 2775 1213 2829 nostro

365 2871 529 2936 Rhoeteae
552 2875 675 2933 cecidere
697 2874 802 2951 trabes,
826 2870 969 2935 attollere
992 2890 1145 2950 magnum

364 2983 483 3058 Aequor·
506 2983 537 3038 et
559 2975 671 3038 incesti
694 2976 864 3053 praedonis
885 2976 956 3040 vela
979 2975 1139 3054 profunda

364 3082 567 3160 Tempestate
591 3082 681 3162 sequi
705 3089 902 3162 cunctasque
925 3081 1041 3144 inl'erre
1065 3079 1214 3144 sorores?

735 3200 801 3254 Ach.
811 3199 822 3251 l
831 3199 946 3252 tae-429

364 3289 532 3372 Nusquam
544 3289 678 3354 umbrae
691 3297 829 3352 veteres:
846 3290 950 3352 minor
962 3287 1080 3371 Othrys
1093 3297 1124 3353 et
1137 3289 1238 3352 ardua
1254 3289 1361 3351 sidunt

364 3395 512 3474 Taygeta,
538 3395 624 3456 exuti
647 3393 794 3456 viderunt
817 3411 894 3457 aera
915 3402 1049 3458 montes,

363 3501 429 3560 1555
452 3509 535 3561 natat
557 3521 638 3560 omne
660 3521 770 3577 uernae,
794 3503 949 3561 caedunler
972 3499 1088 3562 robora
1111 3503 1207 3575 classi,

365 3607 445 3665 Silvo
467 3603 573 3666 minor
596 3604 702 3666 remis.
1119 3616 1122 3622 '

321 3704 931 3789 mmmmmmmm

737 3883 944 3892 -—-——,--—

758 4034 782 4102 5,
801 4033 917 4087 tro-472

364 4120 450 4186 llicet
473 4123 654 4202 aggrederis
677 4123 762 4204 quod
785 4122 890 4185 nullus
914 4130 1058 4200 tempore
1082 4128 1191 4183 nostro

364 4226 528 4305 Augustus
552 4226 667 4304 potuit:
692 4227 829 4306 rigidum
851 4230 1041 4306 septernpltcis
1064 4229 1137 4286 Istri

364 4330 490 4408 Agmeu
512 4331 544 4393 in
569 4349 660 4394 arma
683 4331 780 4409 rapis.
