<?xml version="1.0" encoding="UTF-8"?>
<!DOCTYPE html PUBLIC "-//W3C//DTD XHTML 1.0 Transitional//EN"
    "http://www.w3.org/TR/xhtml1/DTD/xhtml1-transitional.dtd">
<html xmlns="http://www.w3.org/1999/xhtml" xml:lang="en" lang="en">
 <head>
  <title>
</title>
<meta http-equiv="Content-Type" content="text/html;charset=utf-8" />
  <meta name='ocr-system' content='tesseract 3.04.00' />
  <meta name='ocr-capabilities' content='ocr_page ocr_carea ocr_par ocr_line ocrx_word'/>
</head>
<body>
  <div class='ocr_page' id='page_1' title='image "./decsolliiapolli00bitsgoog_0023.png"; bbox 0 0 3232 5248; ppageno 0'>
   <div class='ocr_carea' id='block_1_1' title="bbox 301 600 364 670">
    <p class='ocr_par' dir='ltr' id='par_1_1' title="bbox 301 600 364 670">
     <span class='ocr_line' id='line_1_1' title="bbox 301 600 364 670; baseline 0.127 -8"><span class='ocrx_word' id='word_1_1' title='bbox 301 600 364 670; x_wconf 74' lang='grc'>16,</span> 
     </span>
    </p>
   </div>
   <div class='ocr_carea' id='block_1_2' title="bbox 283 777 1045 2332">
    <p class='ocr_par' dir='ltr' id='par_1_2' title="bbox 342 777 936 974">
     <span class='ocr_line' id='line_1_2' title="bbox 342 777 936 858; baseline 0.02 -21"><span class='ocrx_word' id='word_1_2' title='bbox 342 777 439 839; x_wconf 87' lang='lat' dir='ltr'>Totas</span> <span class='ocrx_word' id='word_1_3' title='bbox 463 778 503 840; x_wconf 93' lang='lat' dir='ltr'>ad</span> <span class='ocrx_word' id='word_1_4' title='bbox 527 780 657 858; x_wconf 89' lang='lat' dir='ltr'>podium</span> <span class='ocrx_word' id='word_1_5' title='bbox 680 781 785 846; x_wconf 84' lang='lat' dir='ltr'>ferens</span> <span class='ocrx_word' id='word_1_6' title='bbox 809 790 936 849; x_wconf 76' lang='lat' dir='ltr'><em>habenas</em></span> 
     </span>
     <span class='ocr_line' id='line_1_3' title="bbox 342 879 927 974; baseline 0.022 -32"><span class='ocrx_word' id='word_1_7' title='bbox 342 879 445 945; x_wconf 86' lang='lat' dir='ltr'>Curru</span> <span class='ocrx_word' id='word_1_8' title='bbox 468 893 687 962; x_wconf 77' lang='lat' dir='ltr'>praetereatur</span> <span class='ocrx_word' id='word_1_9' title='bbox 708 895 787 951; x_wconf 82' lang='lat' dir='ltr'>iuius</span> <span class='ocrx_word' id='word_1_10' title='bbox 809 899 889 954; x_wconf 88' lang='lat' dir='ltr'>acto.</span> <span class='ocrx_word' id='word_1_11' title='bbox 904 889 927 974; x_wconf 78' lang='lat'>¹)</span> 
     </span>
    </p>

    <p class='ocr_par' dir='ltr' id='par_1_3' title="bbox 341 987 1005 1392">
     <span class='ocr_line' id='line_1_4' title="bbox 343 987 862 1073; baseline 0.017 -24"><span class='ocrx_word' id='word_1_12' title='bbox 343 987 390 1050; x_wconf 88' lang='lat' dir='ltr'>Tu</span> <span class='ocrx_word' id='word_1_13' title='bbox 414 990 582 1052; x_wconf 83' lang='lat' dir='ltr'>conamine</span> <span class='ocrx_word' id='word_1_14' title='bbox 605 996 771 1071; x_wconf 79' lang='lat' dir='ltr'>duplicatus</span> <span class='ocrx_word' id='word_1_15' title='bbox 794 995 862 1073; x_wconf 88' lang='lat' dir='ltr'>ipso</span> 
     </span>
     <span class='ocr_line' id='line_1_5' title="bbox 345 1091 1005 1176; baseline 0.02 -22"><span class='ocrx_word' id='word_1_16' title='bbox 345 1091 480 1170; x_wconf 83' lang='lat' dir='ltr'>Stringis</span> <span class='ocrx_word' id='word_1_17' title='bbox 503 1095 708 1176; x_wconf 86' lang='lat' dir='ltr'>quadriiugos</span> <span class='ocrx_word' id='word_1_18' title='bbox 732 1107 763 1161; x_wconf 89' lang='lat' dir='ltr'>et</span> <span class='ocrx_word' id='word_1_19' title='bbox 786 1107 854 1164; x_wconf 87' lang='lat' dir='ltr'>arte</span> <span class='ocrx_word' id='word_1_20' title='bbox 878 1121 1005 1168; x_wconf 85' lang='lat' dir='ltr'>summa</span> 
     </span>
     <span class='ocr_line' id='line_1_6' title="bbox 341 1194 987 1278; baseline 0.023 -22"><span class='ocrx_word' id='word_1_21' title='bbox 341 1194 376 1256; x_wconf 92' lang='lat' dir='ltr'>ln</span> <span class='ocrx_word' id='word_1_22' title='bbox 397 1214 510 1276; x_wconf 84' lang='lat' dir='ltr'>gyrum</span> <span class='ocrx_word' id='word_1_23' title='bbox 533 1197 614 1264; x_wconf 88' lang='lat' dir='ltr'>bene</span> <span class='ocrx_word' id='word_1_24' title='bbox 638 1201 808 1278; x_wconf 84' lang='lat' dir='ltr'>septimum</span> <span class='ocrx_word' id='word_1_25' title='bbox 830 1224 987 1271; x_wconf 75' lang='lat' dir='ltr'>reservas</span> 
     </span>
     <span class='ocr_line' id='line_1_7' title="bbox 341 1298 907 1392; baseline 0.025 -32"><span class='ocrx_word' id='word_1_26' title='bbox 341 1298 505 1364; x_wconf 83' lang='lat' dir='ltr'>Instabant</span> <span class='ocrx_word' id='word_1_27' title='bbox 527 1302 580 1365; x_wconf 87' lang='lat' dir='ltr'>alii</span> <span class='ocrx_word' id='word_1_28' title='bbox 602 1328 693 1368; x_wconf 76' lang='lat' dir='ltr'>iucem</span> <span class='ocrx_word' id='word_1_29' title='bbox 716 1314 812 1389; x_wconf 81' lang='lat' dir='ltr'>atque</span> <span class='ocrx_word' id='word_1_30' title='bbox 835 1333 907 1392; x_wconf 75' lang='lat' dir='ltr'>uoce,</span> 
     </span>
    </p>

    <p class='ocr_par' dir='ltr' id='par_1_4' title="bbox 283 1405 1045 1910">
     <span class='ocr_line' id='line_1_8' title="bbox 283 1405 962 1496; baseline 0.024 -32"><span class='ocrx_word' id='word_1_31' title='bbox 283 1482 286 1490; x_wconf 28' lang='grc' dir='ltr'>Ι</span> <span class='ocrx_word' id='word_1_32' title='bbox 342 1405 467 1468; x_wconf 85' lang='lat' dir='ltr'>Passim</span> <span class='ocrx_word' id='word_1_33' title='bbox 490 1414 522 1469; x_wconf 89' lang='lat' dir='ltr'>ei</span> <span class='ocrx_word' id='word_1_34' title='bbox 544 1408 685 1473; x_wconf 88' lang='lat' dir='ltr'>deciduis</span> <span class='ocrx_word' id='word_1_35' title='bbox 708 1412 740 1474; x_wconf 91' lang='lat' dir='ltr'>in</span> <span class='ocrx_word' id='word_1_36' title='bbox 764 1431 843 1477; x_wconf 89' lang='lat' dir='ltr'>arva</span> <span class='ocrx_word' id='word_1_37' title='bbox 866 1407 962 1496; x_wconf 86' lang='lat' dir='ltr'>guttis</span> 
     </span>
     <span class='ocr_line' id='line_1_9' title="bbox 341 1509 972 1596; baseline 0.025 -27"><span class='ocrx_word' id='word_1_38' title='bbox 341 1509 514 1572; x_wconf 83' lang='lat' dir='ltr'>Raetorum</span> <span class='ocrx_word' id='word_1_39' title='bbox 538 1511 760 1596; x_wconf 83' lang='lat' dir='ltr'>alipedumque</span> <span class='ocrx_word' id='word_1_40' title='bbox 783 1524 874 1582; x_wconf 83' lang='lat' dir='ltr'>sudor</span> <span class='ocrx_word' id='word_1_41' title='bbox 896 1520 972 1586; x_wconf 88' lang='lat' dir='ltr'>ibat.</span> 
     </span>
     <span class='ocr_line' id='line_1_10' title="bbox 341 1613 1045 1710; baseline 0.024 -36"><span class='ocrx_word' id='word_1_42' title='bbox 341 1613 471 1676; x_wconf 88' lang='lat' dir='ltr'>Raucus</span> <span class='ocrx_word' id='word_1_43' title='bbox 495 1617 592 1680; x_wconf 85' lang='lat' dir='ltr'>corda</span> <span class='ocrx_word' id='word_1_44' title='bbox 614 1617 685 1682; x_wconf 88' lang='lat' dir='ltr'>ferit</span> <span class='ocrx_word' id='word_1_45' title='bbox 705 1625 811 1704; x_wconf 76' lang='lat' dir='ltr'>frepee</span> <span class='ocrx_word' id='word_1_46' title='bbox 834 1615 1008 1708; x_wconf 86' lang='lat' dir='ltr'>faventum,</span> <span class='ocrx_word' id='word_1_47' title='bbox 1020 1626 1045 1710; x_wconf 77' lang='lat'>²)</span> 
     </span>
     <span class='ocr_line' id='line_1_11' title="bbox 341 1715 953 1810; baseline 0.026 -34"><span class='ocrx_word' id='word_1_48' title='bbox 341 1715 446 1797; x_wconf 80' lang='lat' dir='ltr'>Atque</span> <span class='ocrx_word' id='word_1_49' title='bbox 471 1718 547 1797; x_wconf 90' lang='lat' dir='ltr'>ipsis</span> <span class='ocrx_word' id='word_1_50' title='bbox 571 1722 689 1799; x_wconf 89' lang='lat' dir='ltr'>pariter</span> <span class='ocrx_word' id='word_1_51' title='bbox 712 1723 792 1788; x_wconf 85' lang='lat' dir='ltr'>viris</span> <span class='ocrx_word' id='word_1_52' title='bbox 811 1735 953 1810; x_wconf 77' lang='lat' dir='ltr'>equisque</span> 
     </span>
     <span class='ocr_line' id='line_1_12' title="bbox 341 1823 944 1910; baseline 0.03 -30"><span class='ocrx_word' id='word_1_53' title='bbox 341 1823 390 1882; x_wconf 80' lang='lat' dir='ltr'>Fit</span> <span class='ocrx_word' id='word_1_54' title='bbox 413 1841 510 1886; x_wconf 92' lang='lat' dir='ltr'>cursu</span> <span class='ocrx_word' id='word_1_55' title='bbox 533 1824 622 1889; x_wconf 90' lang='lat' dir='ltr'>calor</span> <span class='ocrx_word' id='word_1_56' title='bbox 645 1835 676 1891; x_wconf 88' lang='lat' dir='ltr'>et</span> <span class='ocrx_word' id='word_1_57' title='bbox 698 1829 812 1894; x_wconf 89' lang='lat' dir='ltr'>timore</span> <span class='ocrx_word' id='word_1_58' title='bbox 835 1831 944 1910; x_wconf 81' lang='lat' dir='ltr'>frigus.</span> 
     </span>
    </p>

    <p class='ocr_par' dir='ltr' id='par_1_5' title="bbox 341 1927 923 2017">
     <span class='ocr_line' id='line_1_13' title="bbox 341 1927 923 2017; baseline 0.026 -32"><span class='ocrx_word' id='word_1_59' title='bbox 341 1927 408 1987; x_wconf 84' lang='lat' dir='ltr'>Itur</span> <span class='ocrx_word' id='word_1_60' title='bbox 430 1927 476 1988; x_wconf 89' lang='lat' dir='ltr'>sic</span> <span class='ocrx_word' id='word_1_61' title='bbox 500 1929 607 2011; x_wconf 83' lang='lat' dir='ltr'>semel,</span> <span class='ocrx_word' id='word_1_62' title='bbox 632 1932 695 1994; x_wconf 91' lang='lat' dir='ltr'>itur</span> <span class='ocrx_word' id='word_1_63' title='bbox 718 1942 749 1997; x_wconf 88' lang='lat' dir='ltr'>et</span> <span class='ocrx_word' id='word_1_64' title='bbox 772 1937 923 2017; x_wconf 84' lang='lat' dir='ltr'>secunda,</span> 
     </span>
    </p>

    <p class='ocr_par' dir='ltr' id='par_1_6' title="bbox 341 2029 1034 2332">
     <span class='ocr_line' id='line_1_14' title="bbox 341 2029 981 2120; baseline 0.025 -29"><span class='ocrx_word' id='word_1_65' title='bbox 341 2029 394 2092; x_wconf 85' lang='lat' dir='ltr'>Est</span> <span class='ocrx_word' id='word_1_66' title='bbox 418 2031 464 2094; x_wconf 90' lang='lat' dir='ltr'>sic</span> <span class='ocrx_word' id='word_1_67' title='bbox 486 2035 598 2097; x_wconf 80' lang='lat' dir='ltr'>tertius</span> <span class='ocrx_word' id='word_1_68' title='bbox 621 2044 717 2118; x_wconf 89' lang='lat' dir='ltr'>atquc</span> <span class='ocrx_word' id='word_1_69' title='bbox 740 2051 863 2120; x_wconf 80' lang='lat' dir='ltr'>querius</span> <span class='ocrx_word' id='word_1_70' title='bbox 886 2044 981 2107; x_wconf 86' lang='lat' dir='ltr'>urbis.</span> 
     </span>
     <span class='ocr_line' id='line_1_15' title="bbox 341 2135 1034 2233; baseline 0.025 -36"><span class='ocrx_word' id='word_1_71' title='bbox 341 2135 457 2212; x_wconf 85' lang='lat' dir='ltr'>Quinto</span> <span class='ocrx_word' id='word_1_72' title='bbox 479 2139 587 2204; x_wconf 81' lang='lat' dir='ltr'>circite</span> <span class='ocrx_word' id='word_1_73' title='bbox 610 2160 675 2206; x_wconf 88' lang='lat' dir='ltr'>non</span> <span class='ocrx_word' id='word_1_74' title='bbox 698 2145 808 2209; x_wconf 89' lang='lat' dir='ltr'>valens</span> <span class='ocrx_word' id='word_1_75' title='bbox 831 2149 1034 2233; x_wconf 68' lang='lat' dir='ltr'>sequentumll</span> 
     </span>
     <span class='ocr_line' id='line_1_16' title="bbox 341 2232 987 2332; baseline 0.026 -31"><span class='ocrx_word' id='word_1_76' title='bbox 341 2240 470 2306; x_wconf 86' lang='lat' dir='ltr'>Pondus</span> <span class='ocrx_word' id='word_1_77' title='bbox 490 2232 571 2322; x_wconf 72' lang='lat' dir='ltr'>ferre</span> <span class='ocrx_word' id='word_1_78' title='bbox 591 2253 675 2326; x_wconf 82' lang='lat' dir='ltr'>prior</span> <span class='ocrx_word' id='word_1_79' title='bbox 698 2258 861 2332; x_wconf 79' lang='lat' dir='ltr'>retorquet</span> <span class='ocrx_word' id='word_1_80' title='bbox 884 2273 987 2318; x_wconf 83' lang='lat' dir='ltr'>axem.</span> 
     </span>
    </p>
   </div>
   <div class='ocr_carea' id='block_1_3' title="bbox 340 2388 937 2893">
    <p class='ocr_par' dir='ltr' id='par_1_7' title="bbox 340 2388 937 2893">
     <span class='ocr_line' id='line_1_17' title="bbox 760 2388 875 2442; baseline 0.026 -3"><span class='ocrx_word' id='word_1_81' title='bbox 760 2388 875 2442; x_wconf 59' lang='lat'><strong>394397</strong></span> 
     </span>
     <span class='ocr_line' id='line_1_18' title="bbox 342 2488 858 2570; baseline 0.019 -22"><span class='ocrx_word' id='word_1_82' title='bbox 342 2488 400 2549; x_wconf 86' lang='lat' dir='ltr'>Hic</span> <span class='ocrx_word' id='word_1_83' title='bbox 423 2496 591 2568; x_wconf 82' lang='lat' dir='ltr'>compendia</span> <span class='ocrx_word' id='word_1_84' title='bbox 611 2498 746 2570; x_wconf 75' lang='lat' dir='ltr'>flenreosu</span> <span class='ocrx_word' id='word_1_85' title='bbox 769 2502 858 2558; x_wconf 85' lang='lat' dir='ltr'>uieiue</span> 
     </span>
     <span class='ocr_line' id='line_1_19' title="bbox 340 2591 937 2678; baseline 0.015 -22"><span class='ocrx_word' id='word_1_86' title='bbox 340 2591 429 2656; x_wconf 88' lang='lat' dir='ltr'>Unus</span> <span class='ocrx_word' id='word_1_87' title='bbox 453 2594 529 2657; x_wconf 93' lang='lat' dir='ltr'>dum</span> <span class='ocrx_word' id='word_1_88' title='bbox 546 2603 664 2678; x_wconf 78' lang='lat' dir='ltr'>premit,</span> <span class='ocrx_word' id='word_1_89' title='bbox 687 2598 837 2663; x_wconf 86' lang='lat' dir='ltr'>incitatus</span> <span class='ocrx_word' id='word_1_90' title='bbox 863 2621 883 2664; x_wconf 91' lang='lat' dir='ltr'>a</span> <span class='ocrx_word' id='word_1_91' title='bbox 906 2611 937 2665; x_wconf 91' lang='lat' dir='ltr'>te</span> 
     </span>
     <span class='ocr_line' id='line_1_20' title="bbox 340 2698 893 2785; baseline 0.014 -25"><span class='ocrx_word' id='word_1_92' title='bbox 340 2698 447 2762; x_wconf 78' lang='lat' dir='ltr'>Elatus</span> <span class='ocrx_word' id='word_1_93' title='bbox 470 2700 568 2763; x_wconf 89' lang='lat' dir='ltr'>semel</span> <span class='ocrx_word' id='word_1_94' title='bbox 590 2707 698 2782; x_wconf 79' lang='lat' dir='ltr'>impetu</span> <span class='ocrx_word' id='word_1_95' title='bbox 722 2704 893 2785; x_wconf 83' lang='lat' dir='ltr'>quadrigas</span> 
     </span>
     <span class='ocr_line' id='line_1_21' title="bbox 340 2804 904 2893; baseline 0.014 -28"><span class='ocrx_word' id='word_1_96' title='bbox 340 2804 451 2867; x_wconf 88' lang='lat' dir='ltr'>Iuncto</span> <span class='ocrx_word' id='word_1_97' title='bbox 475 2825 541 2868; x_wconf 87' lang='lat' dir='ltr'>nan</span> <span class='ocrx_word' id='word_1_98' title='bbox 563 2806 664 2869; x_wconf 87' lang='lat' dir='ltr'>valuit</span> <span class='ocrx_word' id='word_1_99' title='bbox 686 2807 804 2886; x_wconf 81' lang='lat' dir='ltr'>plicare</span> <span class='ocrx_word' id='word_1_100' title='bbox 825 2835 904 2893; x_wconf 71' lang='lat' dir='ltr'>pyro.</span> 
     </span>
    </p>
   </div>
   <div class='ocr_carea' id='block_1_4' title="bbox 337 2941 1032 3658">
    <p class='ocr_par' dir='ltr' id='par_1_8' title="bbox 337 2941 1032 3658">
     <span class='ocr_line' id='line_1_22' title="bbox 757 2941 874 3006; baseline 0.017 -4"><span class='ocrx_word' id='word_1_101' title='bbox 757 2941 874 3006; x_wconf 57' lang='lat' dir='ltr'>mm</span> 
     </span>
     <span class='ocr_line' id='line_1_23' title="bbox 339 3050 1032 3140; baseline 0.016 -28"><span class='ocrx_word' id='word_1_102' title='bbox 339 3050 440 3132; x_wconf 86' lang='lat' dir='ltr'>Hunc,</span> <span class='ocrx_word' id='word_1_103' title='bbox 465 3052 540 3115; x_wconf 87' lang='lat' dir='ltr'>dum</span> <span class='ocrx_word' id='word_1_104' title='bbox 564 3058 690 3136; x_wconf 81' lang='lat' dir='ltr'>obliquet</span> <span class='ocrx_word' id='word_1_105' title='bbox 711 3063 766 3119; x_wconf 80' lang='lat' dir='ltr'>iter</span> <span class='ocrx_word' id='word_1_106' title='bbox 789 3058 905 3140; x_wconf 90' lang='lat' dir='ltr'>diuque</span> <span class='ocrx_word' id='word_1_107' title='bbox 928 3061 1032 3124; x_wconf 87' lang='lat' dir='ltr'>lenius</span> 
     </span>
     <span class='ocr_line' id='line_1_24' title="bbox 339 3155 888 3244; baseline 0.016 -26"><span class='ocrx_word' id='word_1_108' title='bbox 339 3155 419 3219; x_wconf 85' lang='lat' dir='ltr'>Seru</span> <span class='ocrx_word' id='word_1_109' title='bbox 443 3159 630 3237; x_wconf 86' lang='lat' dir='ltr'>cornipedes</span> <span class='ocrx_word' id='word_1_110' title='bbox 654 3161 731 3224; x_wconf 89' lang='lat' dir='ltr'>citat</span> <span class='ocrx_word' id='word_1_111' title='bbox 754 3163 888 3244; x_wconf 86' lang='lat' dir='ltr'>flagello,</span> 
     </span>
     <span class='ocr_line' id='line_1_25' title="bbox 338 3262 970 3346; baseline 0.014 -23"><span class='ocrx_word' id='word_1_112' title='bbox 338 3262 470 3324; x_wconf 87' lang='lat' dir='ltr'>Tartum</span> <span class='ocrx_word' id='word_1_113' title='bbox 493 3266 619 3328; x_wconf 88' lang='lat' dir='ltr'>tramite</span> <span class='ocrx_word' id='word_1_114' title='bbox 642 3269 759 3329; x_wconf 87' lang='lat' dir='ltr'>transis</span> <span class='ocrx_word' id='word_1_115' title='bbox 783 3269 850 3346; x_wconf 89' lang='lat' dir='ltr'>ipse</span> <span class='ocrx_word' id='word_1_116' title='bbox 873 3276 970 3332; x_wconf 87' lang='lat' dir='ltr'>rectu.</span> 
     </span>
     <span class='ocr_line' id='line_1_26' title="bbox 340 3367 951 3435; baseline 0.007 -5"><span class='ocrx_word' id='word_1_117' title='bbox 340 3367 398 3430; x_wconf 90' lang='lat' dir='ltr'>Hic</span> <span class='ocrx_word' id='word_1_118' title='bbox 420 3376 452 3431; x_wconf 88' lang='lat' dir='ltr'>te</span> <span class='ocrx_word' id='word_1_119' title='bbox 476 3369 636 3432; x_wconf 84' lang='lat' dir='ltr'>incautius</span> <span class='ocrx_word' id='word_1_120' title='bbox 658 3380 827 3434; x_wconf 86' lang='lat' dir='ltr'>assecutus</span> <span class='ocrx_word' id='word_1_121' title='bbox 850 3370 951 3435; x_wconf 86' lang='lat' dir='ltr'>hastis</span> 
     </span>
     <span class='ocr_line' id='line_1_27' title="bbox 337 3473 949 3557; baseline 0.007 -23"><span class='ocrx_word' id='word_1_122' title='bbox 337 3473 477 3551; x_wconf 80' lang='lat' dir='ltr'>Sperans</span> <span class='ocrx_word' id='word_1_123' title='bbox 501 3480 674 3553; x_wconf 77' lang='lat' dir='ltr'>anticipasse</span> <span class='ocrx_word' id='word_1_124' title='bbox 697 3475 760 3538; x_wconf 83' lang='lat' dir='ltr'>iarn</span> <span class='ocrx_word' id='word_1_125' title='bbox 778 3482 911 3555; x_wconf 80' lang='lat' dir='ltr'>priorem</span> <span class='ocrx_word' id='word_1_126' title='bbox 924 3473 949 3557; x_wconf 79' lang='lat'>⁴)</span> 
     </span>
     <span class='ocr_line' id='line_1_28' title="bbox 342 3579 1025 3658; baseline 0.006 -20"><span class='ocrx_word' id='word_1_127' title='bbox 342 3581 556 3646; x_wconf 67' lang='lat' dir='ltr'>Transversum,</span> <span class='ocrx_word' id='word_1_128' title='bbox 574 3579 660 3642; x_wconf 84' lang='lat' dir='ltr'>venit</span> <span class='ocrx_word' id='word_1_129' title='bbox 682 3580 851 3658; x_wconf 86' lang='lat' dir='ltr'>impudens</span> <span class='ocrx_word' id='word_1_130' title='bbox 874 3581 907 3643; x_wconf 94' lang='lat' dir='ltr'>in</span> <span class='ocrx_word' id='word_1_131' title='bbox 930 3601 1025 3642; x_wconf 77' lang='lat' dir='ltr'>careia.</span> 
     </span>
    </p>
   </div>
   <div class='ocr_carea' id='block_1_5' title="bbox 339 3717 957 3891">
    <p class='ocr_par' dir='ltr' id='par_1_9' title="bbox 339 3717 957 3891">
     <span class='ocr_line' id='line_1_29' title="bbox 786 3717 838 3771; baseline 0.019 -1"><span class='ocrx_word' id='word_1_132' title='bbox 786 3717 838 3771; x_wconf 80' lang='lat'>416</span> 
     </span>
     <span class='ocr_line' id='line_1_30' title="bbox 339 3804 957 3891; baseline 0.006 -23"><span class='ocrx_word' id='word_1_133' title='bbox 339 3804 452 3870; x_wconf 87' lang='lat' dir='ltr'>llliscet</span> <span class='ocrx_word' id='word_1_134' title='bbox 474 3816 591 3871; x_wconf 88' lang='lat' dir='ltr'>cuncta</span> <span class='ocrx_word' id='word_1_135' title='bbox 611 3814 717 3891; x_wconf 73' lang='lat' dir='ltr'>frepor</span> <span class='ocrx_word' id='word_1_136' title='bbox 739 3809 957 3874; x_wconf 86' lang='lat' dir='ltr'>resuscitatus.</span> 
     </span>
    </p>
   </div>
   <div class='ocr_carea' id='block_1_6' title="bbox 296 4083 1332 4316">
    <p class='ocr_par' dir='ltr' id='par_1_10' title="bbox 296 4083 1332 4316">
     <span class='ocr_line' id='line_1_31' title="bbox 296 4083 1332 4157; baseline 0.004 -21"><span class='ocrx_word' id='word_1_137' title='bbox 296 4083 316 4154; x_wconf 85' lang='lat'>¹)</span> <span class='ocrx_word' id='word_1_138' title='bbox 325 4083 392 4137; x_wconf 88' lang='lat' dir='ltr'>Aen.</span> <span class='ocrx_word' id='word_1_139' title='bbox 403 4083 425 4139; x_wconf 93' lang='lat' dir='ltr'>V</span> <span class='ocrx_word' id='word_1_140' title='bbox 436 4085 485 4139; x_wconf 80' lang='lat'>162</span> <span class='ocrx_word' id='word_1_141' title='bbox 490 4103 535 4154; x_wconf 71' lang='lat' dir='ltr'>«sq.</span> <span class='ocrx_word' id='word_1_142' title='bbox 548 4087 607 4153; x_wconf 86' lang='lat' dir='ltr'>Quo</span> <span class='ocrx_word' id='word_1_143' title='bbox 617 4093 724 4141; x_wconf 89' lang='lat' dir='ltr'>lantum</span> <span class='ocrx_word' id='word_1_144' title='bbox 734 4087 802 4140; x_wconf 91' lang='lat' dir='ltr'>mihi</span> <span class='ocrx_word' id='word_1_145' title='bbox 812 4089 905 4140; x_wconf 75' lang='lat' dir='ltr'>dexter</span> <span class='ocrx_word' id='word_1_146' title='bbox 915 4088 993 4141; x_wconf 86' lang='lat' dir='ltr'>abis?</span> <span class='ocrx_word' id='word_1_147' title='bbox 1012 4088 1071 4142; x_wconf 92' lang='lat' dir='ltr'>Huc</span> <span class='ocrx_word' id='word_1_148' title='bbox 1084 4089 1175 4157; x_wconf 90' lang='lat' dir='ltr'>derige</span> <span class='ocrx_word' id='word_1_149' title='bbox 1193 4091 1332 4157; x_wconf 87' lang='lat' dir='ltr'>gressum!</span> 
     </span>
     <span class='ocr_line' id='line_1_32' title="bbox 547 4174 1332 4246; baseline 0.006 -20"><span class='ocrx_word' id='word_1_150' title='bbox 547 4174 623 4228; x_wconf 88' lang='lat' dir='ltr'>Litus</span> <span class='ocrx_word' id='word_1_151' title='bbox 641 4191 713 4242; x_wconf 85' lang='lat' dir='ltr'>ama,</span> <span class='ocrx_word' id='word_1_152' title='bbox 724 4175 854 4244; x_wconf 84' lang='lat' dir='ltr'>etlaevas</span> <span class='ocrx_word' id='word_1_153' title='bbox 865 4175 985 4244; x_wconf 78' lang='lat' dir='ltr'>stringat,</span> <span class='ocrx_word' id='word_1_154' title='bbox 1006 4175 1072 4244; x_wconf 85' lang='lat' dir='ltr'>sine,</span> <span class='ocrx_word' id='word_1_155' title='bbox 1092 4177 1212 4246; x_wconf 90' lang='lat' dir='ltr'>palmula</span> <span class='ocrx_word' id='word_1_156' title='bbox 1231 4180 1332 4232; x_wconf 81' lang='lat' dir='ltr'>cautes.</span> 
     </span>
     <span class='ocr_line' id='line_1_33' title="bbox 475 4261 963 4316; baseline 0.004 -2"><span class='ocrx_word' id='word_1_157' title='bbox 475 4261 526 4316; x_wconf 86' lang='lat'>170</span> <span class='ocrx_word' id='word_1_158' title='bbox 544 4261 627 4316; x_wconf 88' lang='lat' dir='ltr'>Radit</span> <span class='ocrx_word' id='word_1_159' title='bbox 645 4261 695 4316; x_wconf 89' lang='lat' dir='ltr'>iter</span> <span class='ocrx_word' id='word_1_160' title='bbox 714 4262 822 4316; x_wconf 87' lang='lat' dir='ltr'>laevom</span> <span class='ocrx_word' id='word_1_161' title='bbox 841 4264 963 4316; x_wconf 77' lang='lat' dir='ltr'>interior.</span> 
     </span>
    </p>
   </div>
   <div class='ocr_carea' id='block_1_7' title="bbox 295 4367 1102 4439">
    <p class='ocr_par' dir='ltr' id='par_1_11' title="bbox 295 4367 1102 4439">
     <span class='ocr_line' id='line_1_34' title="bbox 295 4367 1102 4439; baseline 0.004 -18"><span class='ocrx_word' id='word_1_162' title='bbox 295 4367 1102 4439; x_wconf 58' lang='lat' dir='ltr'>amrmemumnmumuu</span> 
     </span>
    </p>
   </div>
   <div class='ocr_carea' id='block_1_8' title="bbox 0 0 1620 5248">
    <p class='ocr_par' dir='ltr' id='par_1_12' title="bbox 0 0 1620 5248">
     <span class='ocr_line' id='line_1_35' title="bbox 0 0 1620 5248; baseline 0 1"><span class='ocrx_word' id='word_1_163' title='bbox 0 0 1620 5248; x_wconf 95' lang='lat' dir='ltr'> </span> 
     </span>
    </p>
   </div>
  </div>
 </body>
</html>
