3232 5248
711 724 737 777 S.
757 723 780 775 ll
800 723 822 790 1,
843 723 892 776 192
911 742 950 792 sq.

648 833 744 892 saepe
767 814 853 877 demi
876 835 961 878 nova
985 824 1071 879 serla
1094 815 1243 895 liganlem

355 921 399 984 Te
425 921 510 984 videl
533 930 564 984 el.
588 920 707 983 similes
730 931 880 1002 tepentem
898 931 1014 999 pectore
1037 943 1132 983 eures.

312 1023 357 1088 Cf.
383 1025 479 1088 etiam
503 1024 559 1088 Th.
585 1026 690 1088 1132]
719 1045 765 1104 sq.

750 1250 773 1314 7,
794 1247 907 1302 155-162

941 1319 1082 1398 palmala
1105 1322 1245 1384 cucurrit

354 1427 416 1489 Per
440 1445 575 1503 proavos,
602 1425 766 1506 gentisque
790 1448 870 1503 suae,
893 1431 924 1488 le
949 1433 1036 1505 leste,
1061 1424 1207 1504 Philagri,

355 1531 511 1592 Patricius
536 1509 717 1607 resplendet
740 1549 830 1608 apex.
856 1530 919 1593 Sed
943 1530 1046 1608 pertin
1070 1539 1191 1611 quanta
1214 1539 1262 1593 est

354 1636 441 1699 Haee
464 1635 605 1715 laudum,
632 1635 764 1698 laudare
787 1644 903 1715 patres
929 1655 1009 1714 quos
1033 1636 1148 1716 quippe
1172 1636 1297 1699 curules

355 1741 392 1802 El
414 1738 634 1818 praefecturas
659 1750 769 1802 censeat
792 1745 890 1801 debere
912 1739 1058 1822 nepoti?¹)

353 1845 423 1908 Sine
446 1843 507 1923 alii,
532 1862 589 1922 per
612 1863 692 1926 quos
716 1862 749 1906 se
774 1851 922 1922 pesluma
944 1845 1040 1907 iaelel.
1063 1851 1153 1926 oripo,

354 1948 390 2009 Et
413 1948 553 2025 priseum
577 1946 675 2009 titulis
698 1956 845 2010 numeret
865 1971 955 2029 qenes
978 1949 1066 2028 aller,
1092 1949 1198 2012 Avile:

353 2057 496 2114 Nobilitas
519 2060 553 2116 lu
578 2051 664 2114 sulus
688 2075 764 2114 aeos.

244 2140 246 2146 ’
610 2191 611 2196 ¹
714 2171 762 2225 rh.
781 2172 815 2224 111
834 2172 949 2226 eeu-see

517 2263 591 2326 huie
615 2263 722 2341 ampla
746 2263 873 2344 quidem
898 2263 936 2326 de
960 2263 1114 2342 sanguine
1137 2265 1243 2343 priseo

353 2372 511 2444 Nobilitas
535 2369 590 2430 sed
614 2369 698 2432 enim
722 2368 790 2446 ipse
814 2387 913 2430 manu
929 2386 1134 2448 praegressus
1157 2391 1277 2430 evoe-em

353 2472 475 2535 Facta.
493 2519 501 2534 .
520 2523 526 2536 .

733 2573 759 2625 S.
778 2572 831 2639 11,
851 2572 933 2626 esee

621 2667 717 2724 Genus
740 2663 809 2741 ipse
832 2662 898 2724 suis
916 2668 1137 2743 praemissaque
1159 2674 1236 2725 retro

354 2772 512 2843 Nobilitas
536 2787 595 2831 nee
619 2775 697 2848 eripe
720 2766 807 2848 latet,
833 2768 888 2831 sed
911 2766 982 2832 luce
1005 2776 1159 2849 sequente

354 2872 499 2935 Vineilur
523 2880 554 2935 et
578 2892 695 2952 magno
716 2877 823 2954 pandet
845 2879 959 2935 cessisse
981 2879 1083 2952 nepoti.
1093 2871 1114 2955 ¹)

310 2982 457 3041 Nobilitas
472 2978 596 3041 initium
613 2997 726 3041 versus
743 2978 837 3041 ellieil
855 2978 952 3040 eliam
967 2977 1021 3040 Th.
1041 2977 1070 3038 X
1087 2977 1159 3041 701.
1184 2977 1215 3040 S.
1234 2977 1245 3038 Ι
1261 2978 1344 3054 2,72.

309 3084 385 3162 ue,
413 3084 460 3147 12.
486 3082 532 3146 Cf.
557 3084 652 3146 eliam
676 3082 734 3146 Th.
759 3083 801 3144 lX
827 3082 897 3146 187.

749 3344 772 3408 7,
794 3341 907 3396 169-171

353 3433 417 3496 Sed
440 3432 500 3494 sibi
524 3438 705 3494 eontulissent
729 3439 817 3494 lanto
840 3432 900 3493 sub
918 3437 1040 3512 pipnme
1063 3450 1197 3494 cernens

352 3537 461 3600 Mundi
484 3542 652 3616 depositum,
676 3555 716 3598 ue
740 3536 814 3616 quid
838 3535 902 3615 tibi,
928 3541 1030 3612 Reme,
1049 3543 1170 3615 periret,

353 3643 432 3706 Iuvit
452 3648 604 3720 fortunam
628 3641 741 3704 studio.

790 3745 832 3810 21,
850 3742 869 3795 4

355 3832 492 3914 Namque
519 3840 634 3896 enienee
657 3845 773 3897 nestrae
791 3841 888 3914 portio
905 3840 1000 3896 enee'er
1021 3852 1103 3897 eras

732 3956 758 4009 s.
778 3956 831 4022 14,
851 3957 932 4011 sees

352 4043 425 4106 Non
448 4053 542 4106 vaeat
564 4045 701 4108 Arctoas
724 4047 810 4110 acies
834 4047 1044 4128 Rhenumque
1068 4045 1217 4109 rebellem

355 4147 571 4230 Captivaeque
600 4169 711 4228 preees
735 4150 874 4216 Veledae
897 4160 937 4231 et,
971 4169 1053 4232 quae
1084 4151 1226 4213 maxima
1248 4169 1349 4229 nuper

313 4287 332 4356 ¹)
342 4286 442 4341 Videas
450 4303 596 4341 numerum
607 4287 690 4342 etiam
700 4287 728 4340 in
742 4292 858 4356 utroque
868 4288 1012 4344 concinere
1022 4304 1118 4342 versu:
1138 4331 1182 4364 U
1191 4319 1259 4368 ry
1269 4319 1338 4369 ⁰0·
