3232 5248
305 561 348 628 24

349 742 383 806 Si
402 747 532 804 ¹sedeant.
557 743 619 805 Vix
642 750 745 808 matre
769 762 882 808 carens
907 752 942 807 ut
965 745 1107 810 constitit
1128 729 1243 829 intans,

346 849 421 911 Mox
444 848 576 927 praebet
599 849 730 911 dorsum
753 851 895 928 sonipes:
920 863 1041 933 coquata
1063 875 1148 915 reare

348 958 479 1016 Membra
502 959 583 1032 ciris,
606 960 649 1015 tta
672 972 799 1032 semper
821 973 904 1035 equo
928 973 988 1019 ceu
1011 956 1093 1019 fixus
1117 956 1271 1021 adhaeret

345 1061 471 1124 Rector.

691 1178 740 1233 rh.
759 1162 825 1233 vni.
844 1179 961 1235 aconei

347 1270 429 1349 Quid
453 1269 568 1333 mirum
592 1269 729 1333 caluisse
751 1269 859 1332 viros?
882 1270 1090 1334 flammantur
1112 1271 1145 1337 in
1168 1270 1294 1350 hostem

314 1453 316 1458 Δ
347 1374 541 1454 Cornipedes
564 1376 721 1455 niveoque
744 1376 850 1455 rigant
872 1375 942 1438 sola
965 1377 1071 1454 putria
1093 1376 1213 1458 nimb0,

345 1481 476 1559 Corpora
500 1503 549 1542 ceu
571 1486 660 1542 minti
682 1477 806 1541 docuiuis
829 1479 958 1561 irasque
981 1486 1129 1544 sedentum

345 1584 519 1646 induerint:
544 1590 585 1646 etc
606 1582 699 1647 frena
722 1592 837 1661 terunt,
862 1590 904 1648 stc
927 1585 1047 1663 proelia
1070 1594 1212 1670 poscunt

348 1689 480 1752 Hinnitu
503 1689 680 1771 tolluntque
704 1691 812 1752 armos
835 1695 1018 1772 equitemque
1042 1691 1202 1772 supinant.
1223 1675 1226 1680 ¹

745 1983 769 2048 2,
788 1981 904 2036 332-340

343 2072 429 2136 ilicet
451 2071 626 2152 ingreditur
648 2072 787 2136 Tiberini
808 2079 932 2155 purqc‘te's
957 2083 1096 2135 autrum:

346 2176 502 2242 Currebat.
522 2182 630 2256 fluctus
649 2183 789 2260 'residere
814 2187 846 2242 et
868 2179 1034 2242 arundinis
1058 2176 1142 2242 altae
1219 2261 1225 2269 Ι

345 2281 501 2347 Concolor
524 2284 557 2346 in
580 2284 672 2346 viridi
694 2284 841 2348 fluitabat
864 2284 945 2348 silva
968 2289 1080 2364 capillo.

343 2391 404 2451 Dat
426 2395 551 2452 sonitum
574 2396 683 2453 mento
706 2388 793 2452 unda
817 2388 945 2468 cadem,
967 2389 1041 2451 licet
1064 2387 1190 2466 hispida
1213 2389 1288 2450 setis

345 2492 524 2571 Suppositis
548 2492 683 2555 multum
706 2493 834 2556 sedaret
856 2497 948 2555 barbe
972 2492 1140 2571 fragorem.

346 2603 461 2661 Pectore
483 2598 632 2661 ructabat
654 2598 774 2679 lancee,
799 2603 939 2679 lapsuque
962 2599 1059 2662 citato

342 2702 495 2766 Sulcabat
517 2704 679 2767 madidam
701 2704 767 2766 iam
789 2711 914 2768 torrens
938 2703 1048 2768 alveus
1071 2702 1187 2767 alvum.

342 2809 492 2872 Terretur
514 2808 662 2874 veniente
685 2808 755 2888 dea,
779 2813 969 2890 mecumque
991 2815 1124 2873 remissis

344 2915 451 2974 Remus
476 2920 507 2975 et
528 2935 608 2974 uruu
631 2916 747 2976 cadunt.

697 3049 745 3102 Th.
765 3049 801 3101 IX
819 3049 935 3104 404415

341 3141 383 3203 At
405 3148 496 3220 pater
519 3159 639 3204 arcano
662 3145 791 3203 residens
813 3141 957 3204 Ismenos
980 3140 1013 3203 in
1037 3151 1131 3218 autre,

340 3244 429 3309 Unde
453 3264 552 3308 aurae
574 3245 740 3327 nubesque
763 3245 885 3325 bibunt,
909 3253 1005 3327 atque
1028 3242 1171 3308 imbrifer
1193 3243 1297 3308 Arcus

340 3350 486 3412 Pascitur
509 3357 540 3411 et
562 3349 675 3429 Tyrios
698 3348 811 3413 melior
834 3350 921 3412 venit
944 3368 1049 3412 annus
1072 3350 1106 3412 in
1129 3369 1233 3429 agree,

339 3455 380 3519 Ut
402 3455 544 3518 lamenta
566 3454 890 3534 procul-quamquam
913 3454 1068 3533 obstrepit
1090 3455 1339 3534 ipse-novosque

338 3560 471 3639 Accepit
493 3567 589 3624 natae
613 3559 757 3639 gemnae,
782 3563 856 3620 tecet
877 3576 993 3637 aspera
1016 3577 1128 3622 musco

342 3664 432 3728 Colla
454 3682 648 3746 gravemque
673 3662 744 3743 gelu
767 3669 875 3725 crinem
898 3668 1050 3744 ceciditque
1073 3663 1178 3726 soluta

340 3777 433 3835 Pinus
457 3770 566 3834 adulta
588 3794 689 3849 maun,
713 3770 899 3853 dimissaque
922 3768 1059 3833 volvitur
1081 3792 1169 3832 uiua.
1187 3767 1209 3849 ¹)

338 3875 428 3938 illum
453 3893 508 3953 per
531 3875 618 3953 ripas
641 3895 765 3938 annoso
789 3893 926 3955 scrupea
948 3874 1024 3937 limo

339 3979 404 4043 Ora
427 3987 625 4043 exortantem
648 3979 747 4042 silvae
768 3984 913 4060 fluviique
937 3970 1077 4041 minores

339 4083 507 4146 Mirantur:
532 4089 641 4145 tantus
665 4083 787 4145 tumido
810 4082 849 4145 de
871 4088 982 4162 purpite
1006 4082 1113 4160 surgit,

299 4341 317 4409 ¹)
336 4339 375 4393 Cr.
395 4339 489 4394 Claud.
507 4339 538 4391 ln
558 4340 620 4393 Rus.
640 4339 651 4390 I
671 4338 729 4393 133.
