<?xml version="1.0" encoding="UTF-8"?>
<!DOCTYPE html PUBLIC "-//W3C//DTD XHTML 1.0 Transitional//EN"
    "http://www.w3.org/TR/xhtml1/DTD/xhtml1-transitional.dtd">
<html xmlns="http://www.w3.org/1999/xhtml" xml:lang="en" lang="en">
 <head>
  <title>
</title>
<meta http-equiv="Content-Type" content="text/html;charset=utf-8" />
  <meta name='ocr-system' content='tesseract 3.04.00' />
  <meta name='ocr-capabilities' content='ocr_page ocr_carea ocr_par ocr_line ocrx_word'/>
</head>
<body>
  <div class='ocr_page' id='page_1' title='image "./decsolliiapolli00bitsgoog_0044.png"; bbox 0 0 3232 5248; ppageno 0'>
   <div class='ocr_carea' id='block_1_1' title="bbox 312 754 1220 2127">
    <p class='ocr_par' dir='ltr' id='par_1_1' title="bbox 312 754 1220 2127">
     <span class='ocr_line' id='line_1_1' title="bbox 712 754 870 821; baseline 0.006 -13"><span class='ocrx_word' id='word_1_1' title='bbox 712 756 735 821; x_wconf 88' lang='lat'>7,</span> <span class='ocrx_word' id='word_1_2' title='bbox 757 754 870 809; x_wconf 78' lang='lat' dir='ltr'>rae-135</span> 
     </span>
     <span class='ocr_line' id='line_1_2' title="bbox 892 862 1203 943; baseline -0.003 -19"><span class='ocrx_word' id='word_1_3' title='bbox 892 862 919 924; x_wconf 91' lang='lat' dir='ltr'>si</span> <span class='ocrx_word' id='word_1_4' title='bbox 941 862 1077 943; x_wconf 85' lang='lat' dir='ltr'>denique</span> <span class='ocrx_word' id='word_1_5' title='bbox 1099 862 1203 924; x_wconf 92' lang='lat' dir='ltr'>dirum</span> 
     </span>
     <span class='ocr_line' id='line_1_3' title="bbox 313 965 1099 1047; baseline -0.009 -12"><span class='ocrx_word' id='word_1_6' title='bbox 313 970 524 1036; x_wconf 90' lang='lat' dir='ltr'>Hannibalem</span> <span class='ocrx_word' id='word_1_7' title='bbox 547 970 656 1032; x_wconf 87' lang='lat' dir='ltr'>iuncto</span> <span class='ocrx_word' id='word_1_8' title='bbox 678 976 781 1031; x_wconf 85' lang='lat' dir='ltr'>terrae</span> <span class='ocrx_word' id='word_1_9' title='bbox 805 971 939 1047; x_wconf 78' lang='lat' dir='ltr'>caelique</span> <span class='ocrx_word' id='word_1_10' title='bbox 961 965 1099 1028; x_wconf 88' lang='lat' dir='ltr'>tumultu</span> 
     </span>
     <span class='ocr_line' id='line_1_4' title="bbox 314 1071 1220 1154; baseline -0.007 -16"><span class='ocrx_word' id='word_1_11' title='bbox 314 1076 531 1154; x_wconf 69' lang='lat' dir='ltr'>Reppulimus</span> <span class='ocrx_word' id='word_1_12' title='bbox 558 1094 630 1136; x_wconf 87' lang='lat' dir='ltr'>curn</span> <span class='ocrx_word' id='word_1_13' title='bbox 655 1084 753 1135; x_wconf 85' lang='lat' dir='ltr'>castra</span> <span class='ocrx_word' id='word_1_14' title='bbox 777 1072 840 1134; x_wconf 91' lang='lat' dir='ltr'>tuis</span> <span class='ocrx_word' id='word_1_15' title='bbox 862 1072 927 1134; x_wconf 92' lang='lat' dir='ltr'>iam</span> <span class='ocrx_word' id='word_1_16' title='bbox 951 1071 1097 1149; x_wconf 84' lang='lat' dir='ltr'>proxima</span> <span class='ocrx_word' id='word_1_17' title='bbox 1120 1071 1220 1135; x_wconf 89' lang='lat' dir='ltr'>muris</span> 
     </span>
     <span class='ocr_line' id='line_1_5' title="bbox 313 1176 1097 1260; baseline -0.01 -16"><span class='ocrx_word' id='word_1_18' title='bbox 313 1182 452 1260; x_wconf 85' lang='lat' dir='ltr'>Starcnt,</span> <span class='ocrx_word' id='word_1_19' title='bbox 478 1178 601 1242; x_wconf 83' lang='lat' dir='ltr'>Collina</span> <span class='ocrx_word' id='word_1_20' title='bbox 620 1183 734 1256; x_wconf 81' lang='lat' dir='ltr'>fatam</span> <span class='ocrx_word' id='word_1_21' title='bbox 756 1197 813 1255; x_wconf 90' lang='lat' dir='ltr'>pro</span> <span class='ocrx_word' id='word_1_22' title='bbox 837 1185 924 1239; x_wconf 89' lang='lat' dir='ltr'>turre</span> <span class='ocrx_word' id='word_1_23' title='bbox 948 1176 1097 1256; x_wconf 77' lang='lat' dir='ltr'>cucurrit,</span> 
     </span>
     <span class='ocr_line' id='line_1_6' title="bbox 314 1283 1056 1366; baseline -0.008 -19"><span class='ocrx_word' id='word_1_24' title='bbox 314 1284 417 1366; x_wconf 75' lang='lat' dir='ltr'>Atque</span> <span class='ocrx_word' id='word_1_25' title='bbox 440 1283 501 1346; x_wconf 88' lang='lat' dir='ltr'>illic</span> <span class='ocrx_word' id='word_1_26' title='bbox 524 1284 639 1347; x_wconf 88' lang='lat' dir='ltr'>iterum</span> <span class='ocrx_word' id='word_1_27' title='bbox 661 1288 756 1344; x_wconf 81' lang='lat' dir='ltr'>timuit</span> <span class='ocrx_word' id='word_1_28' title='bbox 778 1292 887 1343; x_wconf 85' lang='lat' dir='ltr'>natare</span> <span class='ocrx_word' id='word_1_29' title='bbox 904 1291 1056 1360; x_wconf 79' lang='lat' dir='ltr'>paventem</span> 
     </span>
     <span class='ocr_line' id='line_1_7' title="bbox 313 1385 1142 1470; baseline -0.005 -18"><span class='ocrx_word' id='word_1_30' title='bbox 313 1385 389 1452; x_wconf 80' lang='lat' dir='ltr'>Pest</span> <span class='ocrx_word' id='word_1_31' title='bbox 413 1394 567 1470; x_wconf 66' lang='lat' dir='ltr'>Phlegram</span> <span class='ocrx_word' id='word_1_32' title='bbox 589 1405 730 1467; x_wconf 86' lang='lat' dir='ltr'>pugnare</span> <span class='ocrx_word' id='word_1_33' title='bbox 755 1390 863 1455; x_wconf 76' lang='lat' dir='ltr'>Iovem:</span> <span class='ocrx_word' id='word_1_34' title='bbox 886 1387 1046 1464; x_wconf 71' lang='lat' dir='ltr'>torpentia</span> <span class='ocrx_word' id='word_1_35' title='bbox 1070 1385 1142 1451; x_wconf 90' lang='lat' dir='ltr'>tolle</span> 
     </span>
     <span class='ocr_line' id='line_1_8' title="bbox 312 1471 1050 1572; baseline -0.007 -15"><span class='ocrx_word' id='word_1_36' title='bbox 312 1494 457 1572; x_wconf 85' lang='lat' dir='ltr'>Lumina,</span> <span class='ocrx_word' id='word_1_37' title='bbox 481 1497 622 1555; x_wconf 76' lang='lat' dir='ltr'><strong><em>detersam</em></strong></span> <span class='ocrx_word' id='word_1_38' title='bbox 645 1502 763 1554; x_wconf 83' lang='lat' dir='ltr'>arentem</span> <span class='ocrx_word' id='word_1_39' title='bbox 786 1497 875 1572; x_wconf 69' lang='lat' dir='ltr'>caliga</span> <span class='ocrx_word' id='word_1_40' title='bbox 898 1471 1050 1572; x_wconf 78' lang='lat' dir='ltr'>relinquat.</span> 
     </span>
     <span class='ocr_line' id='line_1_9' title="bbox 719 1627 855 1696; baseline 0.015 -16"><span class='ocrx_word' id='word_1_41' title='bbox 719 1627 742 1694; x_wconf 85' lang='lat'>6,</span> <span class='ocrx_word' id='word_1_42' title='bbox 763 1628 795 1681; x_wconf 84' lang='lat'>15</span> <span class='ocrx_word' id='word_1_43' title='bbox 815 1645 855 1696; x_wconf 87' lang='lat' dir='ltr'>sq.</span> 
     </span>
     <span class='ocr_line' id='line_1_10' title="bbox 313 1694 1208 1800; baseline -0.006 -17"><span class='ocrx_word' id='word_1_44' title='bbox 313 1694 375 1784; x_wconf 76' lang='lat' dir='ltr'>Sed</span> <span class='ocrx_word' id='word_1_45' title='bbox 399 1728 439 1800; x_wconf 83' lang='lat' dir='ltr'>te,</span> <span class='ocrx_word' id='word_1_46' title='bbox 465 1739 537 1782; x_wconf 86' lang='lat' dir='ltr'>curn</span> <span class='ocrx_word' id='word_1_47' title='bbox 561 1724 706 1799; x_wconf 76' lang='lat' dir='ltr'>trepidam</span> <span class='ocrx_word' id='word_1_48' title='bbox 727 1729 867 1798; x_wconf 74' lang='lat' dir='ltr'><em>spectaret</em></span> <span class='ocrx_word' id='word_1_49' title='bbox 891 1723 1015 1799; x_wconf 64' lang='lat' dir='ltr'>Phlegra</span> <span class='ocrx_word' id='word_1_50' title='bbox 1042 1721 1208 1795; x_wconf 81' lang='lat' dir='ltr'>Tonantem,</span> 
     </span>
     <span class='ocr_line' id='line_1_11' title="bbox 374 1823 1085 1906; baseline -0.003 -20"><span class='ocrx_word' id='word_1_51' title='bbox 374 1823 500 1902; x_wconf 88' lang='lat' dir='ltr'><strong>Impulit</strong></span> <span class='ocrx_word' id='word_1_52' title='bbox 523 1843 694 1887; x_wconf 82' lang='lat' dir='ltr'><strong>excussam</strong></span> <span class='ocrx_word' id='word_1_53' title='bbox 717 1823 835 1886; x_wconf 89' lang='lat' dir='ltr'>vertice</span> <span class='ocrx_word' id='word_1_54' title='bbox 858 1830 970 1900; x_wconf 91' lang='lat' dir='ltr'>ruptus</span> <span class='ocrx_word' id='word_1_55' title='bbox 988 1839 1085 1906; x_wconf 75' lang='lat' dir='ltr'>apen</span> 
     </span>
     <span class='ocr_line' id='line_1_12' title="bbox 759 1958 815 2026; baseline -0.018 -15"><span class='ocrx_word' id='word_1_56' title='bbox 759 1958 781 2026; x_wconf 87' lang='lat'>1,</span> <span class='ocrx_word' id='word_1_57' title='bbox 801 1959 815 2010; x_wconf 98' lang='lat'>1</span> 
     </span>
     <span class='ocr_line' id='line_1_13' title="bbox 314 2047 1197 2127; baseline 0 -18"><span class='ocrx_word' id='word_1_58' title='bbox 314 2047 394 2110; x_wconf 88' lang='lat' dir='ltr'>Cum</span> <span class='ocrx_word' id='word_1_59' title='bbox 419 2048 566 2112; x_wconf 89' lang='lat' dir='ltr'>iuvenem</span> <span class='ocrx_word' id='word_1_60' title='bbox 590 2067 686 2127; x_wconf 87' lang='lat' dir='ltr'>snper</span> <span class='ocrx_word' id='word_1_61' title='bbox 709 2058 798 2113; x_wconf 90' lang='lat' dir='ltr'>astra</span> <span class='ocrx_word' id='word_1_62' title='bbox 821 2052 915 2110; x_wconf 81' lang='lat' dir='ltr'>Iouem</span> <span class='ocrx_word' id='word_1_63' title='bbox 936 2059 1047 2110; x_wconf 83' lang='lat' dir='ltr'>antara</span> <span class='ocrx_word' id='word_1_64' title='bbox 1070 2048 1197 2110; x_wconf 78' lang='lat' dir='ltr'>locaret.</span> 
     </span>
    </p>
   </div>
   <div class='ocr_carea' id='block_1_2' title="bbox 312 2183 1165 2356">
    <p class='ocr_par' dir='ltr' id='par_1_2' title="bbox 312 2183 1165 2356">
     <span class='ocr_line' id='line_1_14' title="bbox 671 2183 902 2238; baseline 0 -2"><span class='ocrx_word' id='word_1_65' title='bbox 671 2184 737 2238; x_wconf 77' lang='lat' dir='ltr'>Aah.</span> <span class='ocrx_word' id='word_1_66' title='bbox 756 2184 768 2235; x_wconf 94' lang='lat' dir='ltr'>I</span> <span class='ocrx_word' id='word_1_67' title='bbox 786 2183 902 2236; x_wconf 57' lang='lat'>484490</span> 
     </span>
     <span class='ocr_line' id='line_1_15' title="bbox 312 2270 1165 2356; baseline -0.002 -20"><span class='ocrx_word' id='word_1_68' title='bbox 312 2272 365 2336; x_wconf 84' lang='lat' dir='ltr'>Sic</span> <span class='ocrx_word' id='word_1_69' title='bbox 389 2292 463 2336; x_wconf 85' lang='lat' dir='ltr'>oum</span> <span class='ocrx_word' id='word_1_70' title='bbox 480 2278 623 2353; x_wconf 79' lang='lat' dir='ltr'>pallentes</span> <span class='ocrx_word' id='word_1_71' title='bbox 636 2270 657 2355; x_wconf 86' lang='grc'>1)</span> <span class='ocrx_word' id='word_1_72' title='bbox 683 2279 842 2356; x_wconf 75' lang='grc' dir='ltr'>Ρ1111911111</span> <span class='ocrx_word' id='word_1_73' title='bbox 866 2273 898 2336; x_wconf 92' lang='lat' dir='ltr'>in</span> <span class='ocrx_word' id='word_1_74' title='bbox 922 2284 1020 2336; x_wconf 84' lang='lat' dir='ltr'>castra</span> <span class='ocrx_word' id='word_1_75' title='bbox 1043 2273 1165 2337; x_wconf 83' lang='lat' dir='ltr'>coirent</span> 
     </span>
    </p>
   </div>
   <div class='ocr_carea' id='block_1_3' title="bbox 311 2361 1233 2981">
    <p class='ocr_par' dir='ltr' id='par_1_3' title="bbox 311 2361 1233 2981">
     <span class='ocr_line' id='line_1_16' title="bbox 312 2361 1210 2459; baseline -0.001 -20"><span class='ocrx_word' id='word_1_76' title='bbox 312 2377 480 2441; x_wconf 81' lang='lat' dir='ltr'>Caelicolae</span> <span class='ocrx_word' id='word_1_77' title='bbox 503 2379 631 2459; x_wconf 90' lang='lat' dir='ltr'>iamque</span> <span class='ocrx_word' id='word_1_78' title='bbox 656 2377 823 2458; x_wconf 82' lang='lat' dir='ltr'>Odrysiam</span> <span class='ocrx_word' id='word_1_79' title='bbox 847 2361 1005 2440; x_wconf 86' lang='lat' dir='ltr'>Gradivus</span> <span class='ocrx_word' id='word_1_80' title='bbox 1028 2378 1061 2440; x_wconf 92' lang='lat' dir='ltr'>in</span> <span class='ocrx_word' id='word_1_81' title='bbox 1083 2376 1210 2440; x_wconf 83' lang='lat' dir='ltr'>hastam</span> 
     </span>
     <span class='ocr_line' id='line_1_17' title="bbox 311 2479 1126 2563; baseline -0.001 -19"><span class='ocrx_word' id='word_1_82' title='bbox 311 2482 460 2561; x_wconf 82' lang='lat' dir='ltr'>Surgeret</span> <span class='ocrx_word' id='word_1_83' title='bbox 483 2491 515 2546; x_wconf 96' lang='grc'>11</span> <span class='ocrx_word' id='word_1_84' title='bbox 536 2482 671 2563; x_wconf 83' lang='lat' dir='ltr'>Libycos</span> <span class='ocrx_word' id='word_1_85' title='bbox 694 2479 837 2546; x_wconf 85' lang='lat' dir='ltr'>Tritonia</span> <span class='ocrx_word' id='word_1_86' title='bbox 860 2481 983 2545; x_wconf 89' lang='lat' dir='ltr'>tolleret.</span> <span class='ocrx_word' id='word_1_87' title='bbox 1006 2500 1126 2562; x_wconf 82' lang='lat' dir='ltr'>angues</span> 
     </span>
     <span class='ocr_line' id='line_1_18' title="bbox 311 2586 1099 2666; baseline -0.001 -18"><span class='ocrx_word' id='word_1_88' title='bbox 311 2587 535 2666; x_wconf 87' lang='lat' dir='ltr'>Ingentemque</span> <span class='ocrx_word' id='word_1_89' title='bbox 558 2607 656 2650; x_wconf 89' lang='lat' dir='ltr'>manu</span> <span class='ocrx_word' id='word_1_90' title='bbox 679 2596 829 2650; x_wconf 87' lang='lat' dir='ltr'>curvaret</span> <span class='ocrx_word' id='word_1_91' title='bbox 852 2586 955 2650; x_wconf 84' lang='lat' dir='ltr'>llclius</span> <span class='ocrx_word' id='word_1_92' title='bbox 979 2606 1099 2666; x_wconf 88' lang='lat' dir='ltr'>arcum,</span> 
     </span>
     <span class='ocr_line' id='line_1_19' title="bbox 312 2688 1146 2771; baseline 0 -19"><span class='ocrx_word' id='word_1_93' title='bbox 312 2689 425 2752; x_wconf 84' lang='lat' dir='ltr'>Stabat</span> <span class='ocrx_word' id='word_1_94' title='bbox 447 2690 563 2754; x_wconf 82' lang='lat' dir='ltr'>anhela</span> <span class='ocrx_word' id='word_1_95' title='bbox 584 2703 660 2754; x_wconf 86' lang='lat' dir='ltr'>meta</span> <span class='ocrx_word' id='word_1_96' title='bbox 683 2692 787 2755; x_wconf 87' lang='lat' dir='ltr'>solum</span> <span class='ocrx_word' id='word_1_97' title='bbox 810 2696 930 2754; x_wconf 83' lang='lat' dir='ltr'>Natura</span> <span class='ocrx_word' id='word_1_98' title='bbox 957 2696 1114 2755; x_wconf 82' lang='lat' dir='ltr'>Tonantem</span> <span class='ocrx_word' id='word_1_99' title='bbox 1123 2688 1146 2771; x_wconf 78' lang='lat'>²)</span> 
     </span>
     <span class='ocr_line' id='line_1_20' title="bbox 311 2795 1232 2877; baseline 0.001 -22"><span class='ocrx_word' id='word_1_100' title='bbox 311 2797 489 2873; x_wconf 79' lang='lat' dir='ltr'>Respiciens:</span> <span class='ocrx_word' id='word_1_101' title='bbox 512 2796 639 2875; x_wconf 89' lang='lat' dir='ltr'>quando</span> <span class='ocrx_word' id='word_1_102' title='bbox 661 2795 712 2858; x_wconf 91' lang='lat' dir='ltr'>ille</span> <span class='ocrx_word' id='word_1_103' title='bbox 735 2796 856 2860; x_wconf 89' lang='lat' dir='ltr'>hiemes</span> <span class='ocrx_word' id='word_1_104' title='bbox 878 2797 1077 2877; x_wconf 88' lang='lat' dir='ltr'>tonitrusque</span> <span class='ocrx_word' id='word_1_105' title='bbox 1101 2802 1232 2858; x_wconf 86' lang='lat' dir='ltr'>vocaret</span> 
     </span>
     <span class='ocr_line' id='line_1_21' title="bbox 311 2898 1233 2981; baseline 0.002 -21"><span class='ocrx_word' id='word_1_106' title='bbox 311 2898 466 2979; x_wconf 90' lang='lat' dir='ltr'>Nubibus,</span> <span class='ocrx_word' id='word_1_107' title='bbox 491 2899 657 2978; x_wconf 85' lang='lat' dir='ltr'>igniferam</span> <span class='ocrx_word' id='word_1_108' title='bbox 681 2908 758 2981; x_wconf 89' lang='lat' dir='ltr'>quot</span> <span class='ocrx_word' id='word_1_109' title='bbox 778 2905 907 2978; x_wconf 81' lang='lat' dir='ltr'>fulmina</span> <span class='ocrx_word' id='word_1_110' title='bbox 930 2909 1076 2979; x_wconf 78' lang='lat' dir='ltr'>posceret</span> <span class='ocrx_word' id='word_1_111' title='bbox 1099 2899 1233 2963; x_wconf 83' lang='lat' dir='ltr'>Aetnen.</span> 
     </span>
    </p>
   </div>
   <div class='ocr_carea' id='block_1_4' title="bbox 671 3036 1198 3207">
    <p class='ocr_par' dir='ltr' id='par_1_4' title="bbox 671 3036 1198 3207">
     <span class='ocr_line' id='line_1_22' title="bbox 671 3036 906 3104; baseline 0.004 -15"><span class='ocrx_word' id='word_1_112' title='bbox 671 3036 697 3089; x_wconf 77' lang='lat' dir='ltr'>s,</span> <span class='ocrx_word' id='word_1_113' title='bbox 717 3037 770 3104; x_wconf 84' lang='lat'>13,</span> <span class='ocrx_word' id='word_1_114' title='bbox 791 3036 906 3090; x_wconf 85' lang='lat'>108-110</span> 
     </span>
     <span class='ocr_line' id='line_1_23' title="bbox 823 3125 1198 3207; baseline -0.005 -18"><span class='ocrx_word' id='word_1_115' title='bbox 823 3126 876 3189; x_wconf 90' lang='lat' dir='ltr'>Sic</span> <span class='ocrx_word' id='word_1_116' title='bbox 898 3126 994 3189; x_wconf 86' lang='lat' dir='ltr'>docta</span> <span class='ocrx_word' id='word_1_117' title='bbox 1016 3125 1198 3207; x_wconf 87' lang='lat' dir='ltr'>frequentes</span> 
     </span>
    </p>
   </div>
   <div class='ocr_carea' id='block_1_5' title="bbox 310 3229 1184 3416">
    <p class='ocr_par' dir='ltr' id='par_1_5' title="bbox 310 3229 1184 3416">
     <span class='ocr_line' id='line_1_24' title="bbox 311 3229 1018 3320; baseline -0.003 -26"><span class='ocrx_word' id='word_1_118' title='bbox 311 3229 392 3310; x_wconf 87' lang='lat' dir='ltr'>Otia,</span> <span class='ocrx_word' id='word_1_119' title='bbox 417 3232 462 3294; x_wconf 89' lang='lat' dir='ltr'>sic</span> <span class='ocrx_word' id='word_1_120' title='bbox 486 3238 564 3295; x_wconf 78' lang='lat' dir='ltr'>orrtai</span> <span class='ocrx_word' id='word_1_121' title='bbox 586 3229 750 3314; x_wconf 65' lang='lat' dir='ltr'>detersasl)</span> <span class='ocrx_word' id='word_1_122' title='bbox 767 3242 888 3312; x_wconf 79' lang='lat' dir='ltr'>pectora</span> <span class='ocrx_word' id='word_1_123' title='bbox 911 3234 984 3293; x_wconf 83' lang='lat' dir='ltr'>nabe</span> <span class='ocrx_word' id='word_1_124' title='bbox 1015 3315 1018 3320; x_wconf 21' lang='grc' dir='ltr'><strong><em>Δ</em></strong></span> 
     </span>
     <span class='ocr_line' id='line_1_25' title="bbox 310 3331 1184 3416; baseline 0 -18"><span class='ocrx_word' id='word_1_125' title='bbox 310 3335 420 3400; x_wconf 86' lang='lat' dir='ltr'>Finem</span> <span class='ocrx_word' id='word_1_126' title='bbox 445 3335 620 3400; x_wconf 87' lang='lat' dir='ltr'>Nestoreae</span> <span class='ocrx_word' id='word_1_127' title='bbox 644 3355 757 3416; x_wconf 88' lang='lat' dir='ltr'>precor</span> <span class='ocrx_word' id='word_1_128' title='bbox 780 3336 943 3415; x_wconf 87' lang='lat' dir='ltr'>egrediare</span> <span class='ocrx_word' id='word_1_129' title='bbox 968 3343 1125 3398; x_wconf 89' lang='lat' dir='ltr'>senectae.</span> <span class='ocrx_word' id='word_1_130' title='bbox 1182 3331 1184 3336; x_wconf 81' lang='grc'><strong>’</strong></span> 
     </span>
    </p>
   </div>
   <div class='ocr_carea' id='block_1_6' title="bbox 272 3593 1367 3840">
    <p class='ocr_par' dir='ltr' id='par_1_6' title="bbox 272 3593 1367 3840">
     <span class='ocr_line' id='line_1_26' title="bbox 272 3593 1367 3664; baseline 0.005 -19"><span class='ocrx_word' id='word_1_131' title='bbox 272 3594 291 3662; x_wconf 82' lang='lat'>¹)</span> <span class='ocrx_word' id='word_1_132' title='bbox 309 3593 349 3647; x_wconf 88' lang='lat' dir='ltr'>lla</span> <span class='ocrx_word' id='word_1_133' title='bbox 381 3594 453 3648; x_wconf 87' lang='lat' dir='ltr'>enim</span> <span class='ocrx_word' id='word_1_134' title='bbox 482 3612 544 3649; x_wconf 90' lang='lat' dir='ltr'>cum</span> <span class='ocrx_word' id='word_1_135' title='bbox 571 3595 683 3664; x_wconf 88' lang='lat' dir='ltr'>optimis</span> <span class='ocrx_word' id='word_1_136' title='bbox 712 3595 850 3650; x_wconf 85' lang='lat' dir='ltr'>codicibus</span> <span class='ocrx_word' id='word_1_137' title='bbox 880 3593 922 3663; x_wconf 85' lang='lat' dir='ltr'>(cl.</span> <span class='ocrx_word' id='word_1_138' title='bbox 955 3595 1119 3646; x_wconf 84' lang='lat' dir='ltr'>Kohlmann.</span> <span class='ocrx_word' id='word_1_139' title='bbox 1147 3595 1210 3647; x_wconf 89' lang='lat' dir='ltr'>adn.</span> <span class='ocrx_word' id='word_1_140' title='bbox 1237 3595 1295 3647; x_wconf 89' lang='lat' dir='ltr'>crit.</span> <span class='ocrx_word' id='word_1_141' title='bbox 1363 3643 1367 3650; x_wconf 81' lang='grc'>,</span> 
     </span>
     <span class='ocr_line' id='line_1_27' title="bbox 304 3680 1301 3750; baseline 0.003 -18"><span class='ocrx_word' id='word_1_142' title='bbox 304 3680 478 3734; x_wconf 87' lang='lat' dir='ltr'>scribendum</span> <span class='ocrx_word' id='word_1_143' title='bbox 507 3687 573 3750; x_wconf 92' lang='lat' dir='ltr'>puto</span> <span class='ocrx_word' id='word_1_144' title='bbox 598 3682 657 3736; x_wconf 89' lang='lat' dir='ltr'>coll.</span> <span class='ocrx_word' id='word_1_145' title='bbox 695 3681 798 3736; x_wconf 87' lang='lat' dir='ltr'>Sidonii</span> <span class='ocrx_word' id='word_1_146' title='bbox 824 3697 899 3735; x_wconf 83' lang='lat' dir='ltr'>voco.</span> <span class='ocrx_word' id='word_1_147' title='bbox 923 3688 1066 3748; x_wconf 70' lang='lat' dir='ltr'>panaretum</span> <span class='ocrx_word' id='word_1_148' title='bbox 1097 3711 1130 3719; x_wconf 95' lang='lat'>--</span> <span class='ocrx_word' id='word_1_149' title='bbox 1155 3682 1243 3733; x_wconf 81' lang='lat' dir='ltr'>Iouam</span> <span class='ocrx_word' id='word_1_150' title='bbox 1275 3687 1301 3736; x_wconf 91' lang='lat' dir='ltr'>et</span> 
     </span>
     <span class='ocr_line' id='line_1_28' title="bbox 305 3767 1301 3840; baseline 0.005 -23"><span class='ocrx_word' id='word_1_151' title='bbox 305 3769 440 3832; x_wconf 76' lang='lat' dir='ltr'>trepidam</span> <span class='ocrx_word' id='word_1_152' title='bbox 462 3797 494 3804; x_wconf 95' lang='lat'>—</span> <span class='ocrx_word' id='word_1_153' title='bbox 517 3769 670 3820; x_wconf 82' lang='lat' dir='ltr'>Tonantem.</span> <span class='ocrx_word' id='word_1_154' title='bbox 698 3767 800 3821; x_wconf 84' lang='lat' dir='ltr'>Eadem</span> <span class='ocrx_word' id='word_1_155' title='bbox 828 3784 883 3822; x_wconf 85' lang='lat' dir='ltr'>vox</span> <span class='ocrx_word' id='word_1_156' title='bbox 907 3767 983 3821; x_wconf 86' lang='lat' dir='ltr'>haud</span> <span class='ocrx_word' id='word_1_157' title='bbox 1005 3784 1067 3821; x_wconf 86' lang='lat' dir='ltr'>raro</span> <span class='ocrx_word' id='word_1_158' title='bbox 1087 3768 1203 3822; x_wconf 84' lang='lat' dir='ltr'>occurrit</span> <span class='ocrx_word' id='word_1_159' title='bbox 1227 3771 1301 3840; x_wconf 88' lang='lat' dir='ltr'>apud</span> 
     </span>
    </p>
   </div>
   <div class='ocr_carea' id='block_1_7' title="bbox 305 3853 768 3908">
    <p class='ocr_par' dir='ltr' id='par_1_7' title="bbox 305 3853 768 3908">
     <span class='ocr_line' id='line_1_29' title="bbox 305 3853 768 3908; baseline 0.004 -2"><span class='ocrx_word' id='word_1_160' title='bbox 305 3853 434 3906; x_wconf 88' lang='lat' dir='ltr'>Statium:</span> <span class='ocrx_word' id='word_1_161' title='bbox 454 3853 502 3907; x_wconf 89' lang='lat' dir='ltr'>Th.</span> <span class='ocrx_word' id='word_1_162' title='bbox 522 3853 645 3908; x_wconf 84' lang='lat' dir='ltr'>x1167o.</span> <span class='ocrx_word' id='word_1_163' title='bbox 665 3855 716 3907; x_wconf 86' lang='grc'>695</span> <span class='ocrx_word' id='word_1_164' title='bbox 735 3856 768 3908; x_wconf 89' lang='lat' dir='ltr'>al.</span> 
     </span>
    </p>
   </div>
   <div class='ocr_carea' id='block_1_8' title="bbox 264 3959 1300 4206">
    <p class='ocr_par' dir='ltr' id='par_1_8' title="bbox 264 3959 1300 4206">
     <span class='ocr_line' id='line_1_30' title="bbox 264 3959 1300 4030; baseline 0.005 -20"><span class='ocrx_word' id='word_1_165' title='bbox 264 3959 286 4028; x_wconf 75' lang='lat'>⁹)</span> <span class='ocrx_word' id='word_1_166' title='bbox 305 3959 490 4012; x_wconf 88' lang='lat' dir='ltr'>Baehrensius</span> <span class='ocrx_word' id='word_1_167' title='bbox 508 3961 594 4012; x_wconf 86' lang='lat' dir='ltr'>salam</span> <span class='ocrx_word' id='word_1_168' title='bbox 612 3962 668 4011; x_wconf 85' lang='lat' dir='ltr'>iam</span> <span class='ocrx_word' id='word_1_169' title='bbox 687 3962 767 4013; x_wconf 82' lang='lat' dir='ltr'>larba</span> <span class='ocrx_word' id='word_1_170' title='bbox 785 3962 974 4030; x_wconf 87' lang='lat' dir='ltr'>reponendum</span> <span class='ocrx_word' id='word_1_171' title='bbox 1000 3965 1100 4027; x_wconf 86' lang='lat' dir='ltr'>censet,</span> <span class='ocrx_word' id='word_1_172' title='bbox 1128 3978 1211 4029; x_wconf 87' lang='lat' dir='ltr'>quam</span> <span class='ocrx_word' id='word_1_173' title='bbox 1237 3979 1300 4015; x_wconf 90' lang='lat' dir='ltr'>con·</span> 
     </span>
     <span class='ocr_line' id='line_1_31' title="bbox 303 4046 1299 4117; baseline 0.004 -19"><span class='ocrx_word' id='word_1_174' title='bbox 303 4046 435 4100; x_wconf 85' lang='lat' dir='ltr'>iecturam</span> <span class='ocrx_word' id='word_1_175' title='bbox 453 4063 555 4100; x_wconf 86' lang='lat' dir='ltr'>vanam</span> <span class='ocrx_word' id='word_1_176' title='bbox 575 4063 637 4100; x_wconf 88' lang='lat' dir='ltr'>csse</span> <span class='ocrx_word' id='word_1_177' title='bbox 656 4047 734 4102; x_wconf 83' lang='lat' dir='ltr'>docet</span> <span class='ocrx_word' id='word_1_178' title='bbox 752 4047 845 4101; x_wconf 88' lang='lat' dir='ltr'>Sidon.</span> <span class='ocrx_word' id='word_1_179' title='bbox 874 4049 898 4114; x_wconf 90' lang='lat'>7,</span> <span class='ocrx_word' id='word_1_180' title='bbox 919 4049 977 4104; x_wconf 69' lang='lat'>133.</span> <span class='ocrx_word' id='word_1_181' title='bbox 996 4048 1035 4102; x_wconf 84' lang='lat' dir='ltr'>of.</span> <span class='ocrx_word' id='word_1_182' title='bbox 1055 4065 1164 4117; x_wconf 87' lang='lat' dir='ltr'>quoque</span> <span class='ocrx_word' id='word_1_183' title='bbox 1183 4050 1299 4103; x_wconf 87' lang='lat' dir='ltr'>similem</span> 
     </span>
     <span class='ocr_line' id='line_1_32' title="bbox 304 4133 1189 4206; baseline 0.005 -20"><span class='ocrx_word' id='word_1_184' title='bbox 304 4151 402 4188; x_wconf 87' lang='lat' dir='ltr'>versus</span> <span class='ocrx_word' id='word_1_185' title='bbox 422 4133 525 4188; x_wconf 80' lang='lat' dir='ltr'>exitum</span> <span class='ocrx_word' id='word_1_186' title='bbox 543 4133 591 4188; x_wconf 89' lang='lat' dir='ltr'>Th.</span> <span class='ocrx_word' id='word_1_187' title='bbox 611 4133 646 4186; x_wconf 92' lang='lat' dir='ltr'>Xl</span> <span class='ocrx_word' id='word_1_188' title='bbox 665 4134 771 4189; x_wconf 84' lang='lat'><strong>607...</strong></span> <span class='ocrx_word' id='word_1_189' title='bbox 791 4136 887 4202; x_wconf 68' lang='lat' dir='ltr'>vincis</span> <span class='ocrx_word' id='word_1_190' title='bbox 909 4144 1020 4204; x_wconf 78' lang='lat' dir='ltr'>aratura,</span> <span class='ocrx_word' id='word_1_191' title='bbox 1039 4141 1189 4206; x_wconf 85' lang='lat' dir='ltr'>parentem.</span> 
     </span>
    </p>
   </div>
   <div class='ocr_carea' id='block_1_9' title="bbox 264 4238 1301 4393">
    <p class='ocr_par' dir='ltr' id='par_1_9' title="bbox 264 4238 1301 4393">
     <span class='ocr_line' id='line_1_33' title="bbox 264 4238 1301 4308; baseline -0.001 -14"><span class='ocrx_word' id='word_1_192' title='bbox 264 4238 285 4308; x_wconf 79' lang='lat'>³)</span> <span class='ocrx_word' id='word_1_193' title='bbox 305 4238 445 4294; x_wconf 88' lang='lat' dir='ltr'>Traditum</span> <span class='ocrx_word' id='word_1_194' title='bbox 466 4243 509 4292; x_wconf 87' lang='lat' dir='ltr'>est</span> <span class='ocrx_word' id='word_1_195' title='bbox 527 4240 650 4306; x_wconf 84' lang='lat' dir='ltr'>detectas,</span> <span class='ocrx_word' id='word_1_196' title='bbox 669 4240 743 4307; x_wconf 89' lang='lat' dir='ltr'>quod</span> <span class='ocrx_word' id='word_1_197' title='bbox 769 4239 823 4293; x_wconf 90' lang='lat' dir='ltr'>iam</span> <span class='ocrx_word' id='word_1_198' title='bbox 844 4241 1029 4294; x_wconf 69' lang='lat' dir='ltr'>limitandas</span> <span class='ocrx_word' id='word_1_199' title='bbox 1046 4241 1163 4296; x_wconf 78' lang='lat' dir='ltr'>conexit</span> <span class='ocrx_word' id='word_1_200' title='bbox 1181 4239 1301 4294; x_wconf 89' lang='lat' dir='ltr'>adhibito</span> 
     </span>
     <span class='ocr_line' id='line_1_34' title="bbox 305 4325 520 4393; baseline 0.005 -16"><span class='ocrx_word' id='word_1_201' title='bbox 305 4326 397 4379; x_wconf 79' lang='lat' dir='ltr'>suan.</span> <span class='ocrx_word' id='word_1_202' title='bbox 417 4327 441 4393; x_wconf 88' lang='lat'>7,</span> <span class='ocrx_word' id='word_1_203' title='bbox 463 4325 520 4379; x_wconf 80' lang='lat'>135.</span> 
     </span>
    </p>
   </div>
   <div class='ocr_carea' id='block_1_10' title="bbox 0 0 1620 5248">
    <p class='ocr_par' dir='ltr' id='par_1_10' title="bbox 0 0 1620 5248">
     <span class='ocr_line' id='line_1_35' title="bbox 0 0 1620 5248; baseline 0 1"><span class='ocrx_word' id='word_1_204' title='bbox 0 0 1620 5248; x_wconf 95' lang='lat' dir='ltr'> </span> 
     </span>
    </p>
   </div>
  </div>
 </body>
</html>
