3232 5248
1245 571 1353 669 m¹

245 749 358 812 llirurn
383 767 438 825 per
468 747 608 826 singulas
636 766 733 810 voces
764 766 970 812 numerorum
1000 755 1188 810 concentum
1226 748 1287 810 hoc

245 853 408 916 schemate
432 853 609 930 exprimere
632 851 739 915 liceat:

199 1009 202 1014 .
246 957 354 1020 Sidon.
380 957 408 1034 7,
434 957 507 1020 355.
532 955 610 1020 Ach.
636 957 711 1020 128
735 967 1107 1026 υτψψ

371 1061 498 1124 -356
603 1098 638 1106 —
666 1062 790 1126 29,υυ
887 1070 920 1090 ”“

735 1107 1092 1156 υϊίἶΓὶυὲἱῖ

694 1302 717 1366 7,
736 1301 853 1356 363-368

291 1393 446 1469 Raptores
470 1409 529 1454 ceu
552 1391 632 1454 forte
655 1397 727 1471 tupi,
751 1397 815 1472 quis
837 1409 916 1454 nare
940 1391 1049 1469 sagaci

291 1496 448 1559 Monstrat.
471 1496 550 1559 odor
567 1503 705 1578 pinguem
729 1496 846 1560 clausis
870 1501 906 1558 ub
929 1501 1047 1558 ouilibus
1070 1519 1187 1574 accrum,

291 1601 417 1662 lrritant
440 1609 622 1681 acuuntque
643 1606 752 1678 facicm
775 1608 966 1682 portantque
990 1601 1123 1679 rapinae

291 1706 325 1766 ln
348 1704 437 1767 vultu
461 1707 601 1784 speciem
624 1704 733 1784 patulo
757 1706 876 1768 ieiunia
899 1706 981 1768 rictu

291 1807 461 1874 Fallentes:
486 1810 696 1891 iamiamque
720 1818 808 1873 tener
831 1833 880 1890 spe
900 1815 1052 1890 frangitur
1075 1828 1185 1888 agnus

292 1915 395 1996 Atque
419 1915 535 1978 absens
559 1915 652 1978 avido
676 1915 811 1998 crepitat
832 1915 897 1977 iam
920 1914 1039 1993 praeda
1063 1913 1178 1992 palato

673 2033 721 2086 Th.
741 2033 765 2086 X
782 2033 865 2087 4248

729 2125 843 2187 Rabidi
866 2124 912 2185 sic
935 2123 1062 2202 agmine
1087 2122 1185 2183 mixto

292 2227 359 2290 Sub
383 2235 511 2290 noctem
534 2228 638 2290 coiere
661 2233 733 2308 lupi,
757 2250 828 2308 quos
850 2227 1000 2290 omnibus
1024 2226 1108 2306 agris

292 2331 341 2395 Nil
365 2352 430 2396 non
454 2353 534 2396 ausa
555 2337 650 2410 fames
672 2332 766 2412 longo
790 2332 935 2397 tenuavit
957 2331 1055 2395 hiatu.

293 2442 357 2500 lain
382 2439 509 2502 stabula
531 2439 601 2518 ipsa
631 2447 789 2518 premunt,
819 2446 946 2520 torquet
975 2461 1040 2518 spes
1063 2437 1158 2499 inrita
1180 2434 1289 2497 fauces

293 2543 487 2625 Balatusqne
511 2553 651 2607 tremens
669 2550 856 2624 pinguesque
881 2547 916 2605 ab
940 2547 1059 2605 ovilibus
1082 2565 1182 2604 criruc.

293 2628 384 2724 Quod
408 2655 561 2725 superest,
586 2648 673 2710 duris
697 2647 872 2729 alfrcnpuct
896 2648 1040 2726 postibus
1066 2665 1187 2726 ungnes

294 2752 493 2833 Pectoraque
516 2760 547 2815 et
570 2752 673 2814 siccos
696 2753 844 2814 minuunt
866 2752 899 2814 in
922 2751 1029 2814 limine
1052 2752 1173 2815 dentes.

619 2870 697 2938 Verg.
716 2870 747 2923 A.
766 2869 788 2921 ll
807 2870 923 2925 355-358

949 2961 1031 3039 inde,
1056 2965 1119 3039 lupi
1140 2983 1190 3022 ceu

295 3071 436 3146 Raptorcs
458 3073 528 3128 alra
550 3066 582 3128 in
606 3066 731 3146 nebula,
756 3088 825 3146 qnos
847 3065 982 3143 inproba
1004 3065 1124 3127 ventris

296 3172 404 3251 Exegit
428 3190 544 3235 caecos
567 3171 681 3251 rabies,
707 3171 867 3251 catulique
891 3169 990 3233 relicti

299 3281 444 3340 Faucibus
468 3284 655 3356 exspectant
676 3282 759 3338 siccis
784 3325 789 3337 .
817 3325 821 3335 .
849 3326 854 3338 .

692 3502 716 3568 7,
735 3499 851 3555 eeu-eor

295 3591 443 3654 Oceanus
466 3591 601 3654 refluum
624 3591 743 3670 spargit
767 3609 823 3667 per
846 3589 933 3652 culta
955 3591 1153 3652 Garumnam

294 3697 328 3756 ln
351 3695 469 3757 llutnen
493 3702 638 3757 currente
661 3699 754 3756 icturi:
778 3698 956 3756 transcendit
980 3715 1102 3754 cinarus

298 3804 414 3861 Blanda
435 3804 545 3877 fluenta
568 3804 658 3876 tatem,
681 3798 832 3879 fluviique
857 3799 996 3876 impacta
1020 3815 1075 3875 per
1099 3796 1227 3860 alveum

296 3903 389 3967 Salsa
412 3903 612 3983 peregrinum
636 3903 695 3964 sibi
719 3903 856 3982 navigat*
871 3902 957 3964 unda
981 3901 1181 3980 profundum.

667 4021 693 4074 s,
713 4021 735 4072 n
754 4021 777 4087 a,
799 4019 878 4074 17-19

296 4114 407 4178 Gratia
430 4114 534 4192 prima
555 4111 626 4190 loci,
652 4112 779 4193 gemina
802 4112 961 4176 testudine
986 4110 1110 4174 sumant

297 4218 426 4298 Balnea,
451 4226 483 4280 et
506 4236 523 4280 e
549 4217 639 4281 terris
662 4223 788 4280 occurrit
811 4221 903 4280 dulcis
925 4239 1027 4278 urnaro

297 4329 430 4405 Lympha
453 4329 539 4385 litari.

669 4431 716 4438 -n-
766 4431 768 4435 ·
781 4431 785 4437 ι
795 4429 875 4440 ν--να
