3232 5248
315 560 334 624 8

315 735 424 814 oritur,
449 734 530 795 sitne
554 732 704 794 Sidonius
727 731 819 794 Statii
843 750 885 795 an
908 730 1037 810 Vergilii
1053 733 1157 809 potius
1174 733 1354 812 exemplum

314 846 453 901 5000105.
478 836 590 918 Neque
613 836 745 898 dubium
768 855 839 899 esse
863 842 967 914 potest
989 836 1067 898 locis
1095 835 1159 898 huc
1182 839 1354 915 spectanti-

313 944 373 1006 bus
396 941 560 1022 diligenter
576 941 750 1022 perpensis
768 942 845 1022 quin
860 941 1010 1004 Sidonius
1034 943 1134 1020 magis
1150 942 1190 1004 ad
1207 941 1353 1020 Neapoli-

314 1048 380 1111 tani
403 1063 500 1129 00001
528 1047 568 1109 ad
596 1045 762 1110 Mantuani
795 1054 909 1126 poetae
945 1047 1043 1110 verba
1074 1066 1108 1111 se
1137 1047 1352 1126 applicaverit,

313 1154 404 1228 cuius
420 1152 547 1233 quidem
563 1152 715 1230 carmina,
733 1152 763 1213 id
780 1151 865 1233 quod
882 1152 971 1215 exiis
988 1170 1071 1233 0000
1088 1171 1186 1230 supra
1202 1151 1353 1229 exposui-

313 1277 384 1328 mus
408 1257 545 1336 colligas,
571 1257 671 1335 ipsius
684 1257 810 1336 ingenio
827 1257 966 1321 maxime
983 1257 1198 1320 convenerint.
1231 1257 1355 1319 Tamen

312 1361 400 1425 locos
424 1361 621 1442 Vergilianus
645 1361 686 1424 ab
709 1360 771 1424 hac
794 1369 883 1440 parte
907 1361 1140 1440 memorabiles,
1166 1360 1221 1423 ubi
1249 1361 1353 1423 visum
1388 1421 1390 1427 ,

312 1473 369 1544 051,
394 1466 601 1544 comparandi
624 1465 725 1546 gratia
749 1484 909 1545 apponere
932 1484 998 1528 non
1021 1465 1193 1542 supersedi.
1224 1464 1359 1546 Siquis

313 1577 420 1644 autem
445 1589 501 1634 eos
524 1569 612 1634 locos
636 1570 827 1634 Sidonianos
851 1588 1043 1650 cognoscere
1061 1570 1164 1649 cupit,
1189 1569 1353 1650 inquibus

312 1694 412 1737 unum
436 1675 612 1738 alterumve
635 1674 770 1738 fortasse
793 1683 887 1738 etex
910 1673 1033 1738 Claudii
1057 1673 1232 1753 Claudiani,
1258 1692 1354 1755 quem

313 1780 419 1858 ipsum
452 1799 578 1862 quoque
611 1781 753 1842 imitatus
785 1787 834 1843 est
868 1779 1027 1859 Sidonius,
1068 1778 1265 1841 carminibus
1299 1778 1354 1841 de-

312 1891 494 1962 promptum
518 1902 588 1947 0550
613 1884 720 1963 possit,
744 1881 964 1963 ι1000111000
996 1882 1142 1946 consulat
1170 1883 1352 1960 nuperrime

312 1988 450 2051 editum:
475 1986 598 2080 Claudii
622 1986 787 2050 Claudiani
811 1988 955 2050 carmina
977 1987 1038 2051 vol.
1063 1988 1096 2050 11.
1126 2005 1238 2067 caque,
1271 2006 1353 2069 quae

310 2095 343 2156 in
367 2091 563 2172 praefatione
579 2093 652 2156 inde
669 2112 688 2156 a
703 2114 732 2171 p.
749 2092 828 2156 LVll
851 2111 952 2174 usque
976 2093 1016 2156 ad
1033 2115 1062 2172 p.
1080 2092 1206 2155 LXXVI
1222 2091 1354 2156 collecta

311 2207 393 2278 sunt,
418 2198 552 2260 01110115
576 2197 728 2278 conferat,
753 2216 835 2279 0000
859 2197 1167 2277 inl'racongesturus
1183 2217 1264 2260 sum.
1289 2195 1353 2276 Ego

311 2304 455 2366 locorum
487 2303 765 2382 Claudianeorum,
791 2307 843 2384 qui
867 2302 907 2365 ad
931 2301 1015 2365 hanc
1039 2303 1259 2382 quaestionem
1282 2319 1353 2379 per-

311 2410 421 2489 tinent,
445 2427 597 2472 numeros
621 2407 751 2488 singulis
775 2407 897 2486 paginis
920 2407 1065 2469 subicere
1081 2425 1179 2487 quam
1194 2404 1282 2469 10005
1305 2407 1353 2467 10-

311 2522 418 2592 tegros
442 2513 621 2576 exscribere
638 2513 751 2576 malui:
777 2532 874 2592 00010
890 2512 1047 2574 rationem
1070 2512 1103 2583 in
1119 2510 1256 2573 aliorum
1272 2530 1352 2590 000-

313 2636 374 2698 000
386 2626 554 2696 0001011001
565 2618 651 2681 velut
663 2617 824 2696 Martialis
842 2617 985 2686 Senecae
997 2614 1178 2690 auferendis
1195 2616 1350 2696 versibus,

312 2722 397 2785 unde
431 2722 597 2786 Sidonium
631 2721 784 2785 nonnulla
817 2721 1015 2801 decerpsisse
1050 2720 1141 2784 facilc
1183 2719 1346 2800 probatur,

312 2846 385 2892 sum
408 2835 546 2892 secutus.
572 2841 574 2846 ’
718 2840 721 2845 ·

415 2933 534 3010 Restat,
559 2940 593 2993 01
617 2933 770 2996 editiones
793 2951 988 3011 enumerem,
1014 2932 1130 3014 quibus
1158 2950 1236 2993 0505
1268 2948 1349 2992 5010.

310 3037 431 3100 Sidonii
454 3037 633 3099 carminum
656 3037 827 3101 editionem
852 3037 1005 3116 criticam,
1031 3056 1128 3117 quam
1152 3035 1270 3113 dicunt,
1295 3035 1351 3096 ad—

309 3141 373 3214 buc
389 3141 560 3205 desiderari
576 3143 715 3206 maxime
732 3151 780 3206 est
795 3141 981 3206 dolendum:
998 3160 1102 3223 neque
1119 3140 1204 3204 enim
1220 3139 1352 3219 antiqua

309 3246 362 3308 illa
385 3250 593 3310 Sirmomttcna
618 3248 702 3332 (Par.
730 3247 834 3331 1652),
869 3268 976 3330 0000
999 3247 1178 3311 carminum
1202 3244 1352 3324 epistula-

309 3369 445 3432 rumque
458 3353 602 3414 ordinem
613 3360 776 3414 mutuatus
792 3372 872 3431 sum,
885 3371 988 3433 neque
1001 3353 1176 3416 novissima
1189 3355 1351 3413 Barettaoo

310 3455 395 3538 (Par.
424 3454 530 3538 1879),
555 3476 620 3536 000
643 3455 767 3535 singula
790 3457 934 3520 carmina
956 3465 1137 3536 temporum
1170 3455 1280 3519 ordine
1303 3453 1349 3513 di-

309 3568 399 3638 gesta
422 3558 621 3637 eahibentur,
639 3562 659 3642 1)
682 3561 745 3624 0110
769 3562 863 3625 modo
887 3561 925 3623 iis
948 3560 1157 3640 satisfaciunt,
1176 3578 1258 3642 quae
1282 3558 1350 3620 iure

309 3663 412 3741 possis
436 3672 631 3742 exspectare.
656 3665 706 3727 Ad
730 3665 868 3728 Statium
891 3665 1062 3743 pertinent:

306 3869 330 3938 ,1)
350 3870 463 3922 0000105
485 3873 517 3922 do
540 3872 636 3924 stuata
662 3874 856 3940 eApollt'naire.
881 3872 965 3925 Texle
988 3871 1067 3924 Latin
1086 3872 1210 3940 publiees
1235 3886 1305 3939 pour
1323 3869 1349 3922 la

343 3957 477 4025 premiere
498 3958 549 4010 lois
568 3959 638 4012 dans
652 3959 749 4012 l‘ordre
768 3959 980 4028 chronologique
1000 3959 1107 4027 d'apres
1127 3959 1166 4012 105
1188 3973 1254 4009 mss.
1274 3955 1308 4008 de
1321 3954 1348 4006 la

343 4042 528 4112 bibliotheque
547 4045 694 4111 nationale,
720 4049 935 4114 accompagnees
959 4047 992 4098 de
1012 4051 1091 4100 notes
1106 4047 1154 4098 des
1173 4043 1263 4095 divers
1275 4057 1348 4094 com·

343 4134 520 4198 mentateurS,
540 4132 686 4200 procedecs
707 4132 787 4184 d'une
807 4131 990 4186 introduction
1010 4133 1159 4185 contenant
1178 4144 1232 4180 une
1262 4111 1347 4179 Ε’10110

343 4236 390 4271 sur
409 4217 520 4271 Sidoine
542 4218 709 4287 Apollinaire
734 4235 801 4272 avec
827 4219 874 4272 des
900 4218 1091 4272 dissertations
1117 4234 1164 4270 sur
1186 4216 1213 4268 la
1239 4215 1347 4288 langue,

341 4307 369 4359 la
387 4304 562 4372 chronologia
581 4307 614 4358 dc
634 4322 678 4357 scs
692 4321 816 4370 ocurras,
836 4305 876 4357 les
890 4304 1007 4358 editions
1021 4311 1048 4358 ct
1060 4307 1100 4359 les
1113 4301 1281 4357 manuscrits
1295 4316 1346 4369 par
