<?xml version="1.0" encoding="UTF-8"?>
<!DOCTYPE html PUBLIC "-//W3C//DTD XHTML 1.0 Transitional//EN"
    "http://www.w3.org/TR/xhtml1/DTD/xhtml1-transitional.dtd">
<html xmlns="http://www.w3.org/1999/xhtml" xml:lang="en" lang="en">
 <head>
  <title>
</title>
<meta http-equiv="Content-Type" content="text/html;charset=utf-8" />
  <meta name='ocr-system' content='tesseract 3.04.00' />
  <meta name='ocr-capabilities' content='ocr_page ocr_carea ocr_par ocr_line ocrx_word'/>
</head>
<body>
  <div class='ocr_page' id='page_1' title='image "./decsolliiapolli00bitsgoog_0022.png"; bbox 0 0 3232 5248; ppageno 0'>
   <div class='ocr_carea' id='block_1_1' title="bbox 316 766 1092 2842">
    <p class='ocr_par' dir='ltr' id='par_1_1' title="bbox 326 766 1092 2002">
     <span class='ocr_line' id='line_1_1' title="bbox 328 766 1024 848; baseline 0.001 -19"><span class='ocrx_word' id='word_1_1' title='bbox 328 768 556 831; x_wconf 86' lang='lat' dir='ltr'>Transtumant</span> <span class='ocrx_word' id='word_1_2' title='bbox 578 766 716 848; x_wconf 64' lang='lat' dir='ltr'>tabulas</span> <span class='ocrx_word' id='word_1_3' title='bbox 742 776 772 831; x_wconf 91' lang='lat' dir='ltr'>et</span> <span class='ocrx_word' id='word_1_4' title='bbox 795 776 870 832; x_wconf 92' lang='lat' dir='ltr'>ante</span> <span class='ocrx_word' id='word_1_5' title='bbox 894 787 1024 831; x_wconf 89' lang='lat' dir='ltr'>cursum</span> 
     </span>
     <span class='ocr_line' id='line_1_2' title="bbox 328 876 924 953; baseline 0 -17"><span class='ocrx_word' id='word_1_6' title='bbox 328 876 456 953; x_wconf 61' lang='lat' dir='ltr'>calopus</span> <span class='ocrx_word' id='word_1_7' title='bbox 476 878 595 953; x_wconf 81' lang='lat' dir='ltr'>flatibus</span> <span class='ocrx_word' id='word_1_8' title='bbox 617 882 793 952; x_wconf 84' lang='lat' dir='ltr'>occupatur</span> <span class='ocrx_word' id='word_1_9' title='bbox 815 878 924 936; x_wconf 75' lang='lat' dir='ltr'>absens.</span> 
     </span>
     <span class='ocr_line' id='line_1_3' title="bbox 328 978 1092 1061; baseline 0.003 -21"><span class='ocrx_word' id='word_1_10' title='bbox 328 978 503 1059; x_wconf 85' lang='lat' dir='ltr'>Impellunt‚</span> <span class='ocrx_word' id='word_1_11' title='bbox 528 983 684 1058; x_wconf 80' lang='lat' dir='ltr'>trepidant,</span> <span class='ocrx_word' id='word_1_12' title='bbox 708 984 839 1058; x_wconf 78' lang='lat' dir='ltr'>trahunt,</span> <span class='ocrx_word' id='word_1_13' title='bbox 862 991 1038 1061; x_wconf 63' lang='lat' dir='ltr'>relinquunt,</span> <span class='ocrx_word' id='word_1_14' title='bbox 1090 983 1092 988; x_wconf 74' lang='grc'>’</span> 
     </span>
     <span class='ocr_line' id='line_1_4' title="bbox 329 1081 995 1162; baseline 0.003 -18"><span class='ocrx_word' id='word_1_15' title='bbox 329 1082 517 1162; x_wconf 77' lang='lat' dir='ltr'>Ardescunt,</span> <span class='ocrx_word' id='word_1_16' title='bbox 543 1081 670 1161; x_wconf 89' lang='lat' dir='ltr'>saliunt,</span> <span class='ocrx_word' id='word_1_17' title='bbox 697 1083 817 1159; x_wconf 86' lang='lat' dir='ltr'>timent,</span> <span class='ocrx_word' id='word_1_18' title='bbox 842 1083 995 1147; x_wconf 83' lang='lat' dir='ltr'>timentur</span> 
     </span>
     <span class='ocr_line' id='line_1_5' title="bbox 326 1186 990 1270; baseline 0.003 -20"><span class='ocrx_word' id='word_1_19' title='bbox 326 1187 394 1251; x_wconf 91' lang='lat' dir='ltr'>Nec</span> <span class='ocrx_word' id='word_1_20' title='bbox 417 1205 561 1268; x_wconf 79' lang='lat' dir='ltr'>gressum</span> <span class='ocrx_word' id='word_1_21' title='bbox 584 1186 743 1268; x_wconf 81' lang='lat' dir='ltr'>cohibent,</span> <span class='ocrx_word' id='word_1_22' title='bbox 769 1188 825 1252; x_wconf 95' lang='lat' dir='ltr'>sed</span> <span class='ocrx_word' id='word_1_23' title='bbox 847 1189 990 1270; x_wconf 88' lang='lat' dir='ltr'>inquieto</span> 
     </span>
     <span class='ocr_line' id='line_1_6' title="bbox 328 1291 942 1378; baseline 0.005 -24"><span class='ocrx_word' id='word_1_24' title='bbox 328 1293 484 1378; x_wconf 87' lang='lat' dir='ltr'>Duratum</span> <span class='ocrx_word' id='word_1_25' title='bbox 508 1291 587 1370; x_wconf 85' lang='lat' dir='ltr'>pede</span> <span class='ocrx_word' id='word_1_26' title='bbox 611 1292 749 1371; x_wconf 72' lang='lat' dir='ltr'>stipitem</span> <span class='ocrx_word' id='word_1_27' title='bbox 773 1292 942 1373; x_wconf 86' lang='lat' dir='ltr'>flagellant.</span> 
     </span>
     <span class='ocr_line' id='line_1_7' title="bbox 329 1396 1014 1479; baseline 0.003 -19"><span class='ocrx_word' id='word_1_28' title='bbox 329 1396 472 1460; x_wconf 87' lang='lat' dir='ltr'>Tandem</span> <span class='ocrx_word' id='word_1_29' title='bbox 496 1416 660 1461; x_wconf 88' lang='lat' dir='ltr'>murmure</span> <span class='ocrx_word' id='word_1_30' title='bbox 683 1397 820 1462; x_wconf 84' lang='lat' dir='ltr'>bucinae</span> <span class='ocrx_word' id='word_1_31' title='bbox 846 1401 1014 1479; x_wconf 87' lang='lat' dir='ltr'>strepentis</span> 
     </span>
     <span class='ocr_line' id='line_1_8' title="bbox 330 1501 1001 1586; baseline 0.006 -23"><span class='ocrx_word' id='word_1_32' title='bbox 330 1501 511 1580; x_wconf 83' lang='lat' dir='ltr'>Suspensas</span> <span class='ocrx_word' id='word_1_33' title='bbox 533 1501 663 1566; x_wconf 88' lang='lat' dir='ltr'>tubicen</span> <span class='ocrx_word' id='word_1_34' title='bbox 686 1521 807 1566; x_wconf 84' lang='lat' dir='ltr'>vocans</span> <span class='ocrx_word' id='word_1_35' title='bbox 830 1504 1001 1586; x_wconf 83' lang='lat' dir='ltr'>quadrigas</span> 
     </span>
     <span class='ocr_line' id='line_1_9' title="bbox 327 1605 952 1693; baseline 0.006 -25"><span class='ocrx_word' id='word_1_36' title='bbox 327 1605 465 1668; x_wconf 85' lang='lat' dir='ltr'>Etiundit</span> <span class='ocrx_word' id='word_1_37' title='bbox 485 1606 605 1670; x_wconf 77' lang='lat' dir='ltr'>celeres</span> <span class='ocrx_word' id='word_1_38' title='bbox 628 1606 661 1670; x_wconf 92' lang='lat' dir='ltr'>in</span> <span class='ocrx_word' id='word_1_39' title='bbox 684 1626 764 1671; x_wconf 88' lang='lat' dir='ltr'>arva</span> <span class='ocrx_word' id='word_1_40' title='bbox 788 1606 952 1693; x_wconf 81' lang='lat' dir='ltr'>currus1)</span> 
     </span>
     <span class='ocr_line' id='line_1_10' title="bbox 328 1710 930 1794; baseline 0.005 -20"><span class='ocrx_word' id='word_1_41' title='bbox 328 1711 401 1776; x_wconf 91' lang='lat' dir='ltr'>Non</span> <span class='ocrx_word' id='word_1_42' title='bbox 424 1711 470 1774; x_wconf 89' lang='lat' dir='ltr'>sic</span> <span class='ocrx_word' id='word_1_43' title='bbox 493 1710 633 1774; x_wconf 86' lang='lat' dir='ltr'>fulminis</span> <span class='ocrx_word' id='word_1_44' title='bbox 655 1717 778 1792; x_wconf 77' lang='lat' dir='ltr'>impetus</span> <span class='ocrx_word' id='word_1_45' title='bbox 802 1712 930 1794; x_wconf 79' lang='lat' dir='ltr'>trisulci,</span> 
     </span>
     <span class='ocr_line' id='line_1_11' title="bbox 330 1814 963 1899; baseline 0.006 -21"><span class='ocrx_word' id='word_1_46' title='bbox 330 1815 404 1879; x_wconf 94' lang='lat' dir='ltr'>Non</span> <span class='ocrx_word' id='word_1_47' title='bbox 426 1814 519 1894; x_wconf 87' lang='lat' dir='ltr'>pulsa</span> <span class='ocrx_word' id='word_1_48' title='bbox 542 1814 692 1896; x_wconf 85' lang='lat' dir='ltr'>Scythico</span> <span class='ocrx_word' id='word_1_49' title='bbox 716 1818 831 1896; x_wconf 83' lang='lat' dir='ltr'>sagitta</span> <span class='ocrx_word' id='word_1_50' title='bbox 853 1837 963 1899; x_wconf 83' lang='lat' dir='ltr'>nervo,</span> 
     </span>
     <span class='ocr_line' id='line_1_12' title="bbox 332 1919 916 2002; baseline 0.003 -20"><span class='ocrx_word' id='word_1_51' title='bbox 332 1919 405 1983; x_wconf 90' lang='lat' dir='ltr'>Non</span> <span class='ocrx_word' id='word_1_52' title='bbox 426 1925 523 1982; x_wconf 81' lang='lat' dir='ltr'>sulcus</span> <span class='ocrx_word' id='word_1_53' title='bbox 546 1920 656 1998; x_wconf 80' lang='lat' dir='ltr'>rapide</span> <span class='ocrx_word' id='word_1_54' title='bbox 679 1926 808 1984; x_wconf 81' lang='lat' dir='ltr'>cadentis</span> <span class='ocrx_word' id='word_1_55' title='bbox 831 1929 916 2002; x_wconf 82' lang='lat' dir='ltr'>ostri,</span> 
     </span>
    </p>

    <p class='ocr_par' dir='ltr' id='par_1_2' title="bbox 328 2022 990 2418">
     <span class='ocr_line' id='line_1_13' title="bbox 331 2022 865 2090; baseline 0.009 -5"><span class='ocrx_word' id='word_1_56' title='bbox 331 2022 403 2086; x_wconf 92' lang='lat' dir='ltr'>Non</span> <span class='ocrx_word' id='word_1_57' title='bbox 426 2022 531 2086; x_wconf 87' lang='lat' dir='ltr'>lundis</span> <span class='ocrx_word' id='word_1_58' title='bbox 554 2023 736 2088; x_wconf 82' lang='lat' dir='ltr'>balearibus</span> <span class='ocrx_word' id='word_1_59' title='bbox 759 2033 865 2090; x_wconf 89' lang='lat' dir='ltr'>rotata</span> 
     </span>
     <span class='ocr_line' id='line_1_14' title="bbox 331 2125 944 2209; baseline 0.007 -19"><span class='ocrx_word' id='word_1_60' title='bbox 331 2125 480 2209; x_wconf 88' lang='lat' dir='ltr'>Unquam</span> <span class='ocrx_word' id='word_1_61' title='bbox 503 2129 549 2190; x_wconf 89' lang='lat' dir='ltr'>sic</span> <span class='ocrx_word' id='word_1_62' title='bbox 572 2127 708 2209; x_wconf 92' lang='lat' dir='ltr'>liquidos</span> <span class='ocrx_word' id='word_1_63' title='bbox 731 2130 795 2208; x_wconf 88' lang='lat' dir='ltr'>poli</span> <span class='ocrx_word' id='word_1_64' title='bbox 818 2140 944 2196; x_wconf 89' lang='lat' dir='ltr'>meatus</span> 
     </span>
     <span class='ocr_line' id='line_1_15' title="bbox 328 2231 990 2319; baseline 0.008 -25"><span class='ocrx_word' id='word_1_65' title='bbox 328 2231 425 2310; x_wconf 86' lang='lat' dir='ltr'>Rupit</span> <span class='ocrx_word' id='word_1_66' title='bbox 448 2232 597 2311; x_wconf 90' lang='lat' dir='ltr'>plumbea</span> <span class='ocrx_word' id='word_1_67' title='bbox 620 2233 781 2314; x_wconf 89' lang='lat' dir='ltr'>glandium</span> <span class='ocrx_word' id='word_1_68' title='bbox 805 2235 990 2319; x_wconf 65' lang='lat' dir='ltr'>procellat)</span> 
     </span>
     <span class='ocr_line' id='line_1_16' title="bbox 330 2327 880 2418; baseline 0.004 -19"><span class='ocrx_word' id='word_1_69' title='bbox 330 2334 421 2400; x_wconf 88' lang='lat' dir='ltr'>Cedit</span> <span class='ocrx_word' id='word_1_70' title='bbox 442 2343 530 2400; x_wconf 85' lang='lat' dir='ltr'>terra</span> <span class='ocrx_word' id='word_1_71' title='bbox 551 2327 638 2418; x_wconf 81' lang='lat' dir='ltr'>rotis,</span> <span class='ocrx_word' id='word_1_72' title='bbox 663 2345 695 2400; x_wconf 89' lang='lat' dir='ltr'>et</span> <span class='ocrx_word' id='word_1_73' title='bbox 718 2342 880 2401; x_wconf 84' lang='lat' dir='ltr'>orbitarum</span> 
     </span>
    </p>

    <p class='ocr_par' dir='ltr' id='par_1_3' title="bbox 316 2442 838 2523">
     <span class='ocr_line' id='line_1_17' title="bbox 316 2442 838 2523; baseline 0 -15"><span class='ocrx_word' id='word_1_74' title='bbox 316 2442 417 2508; x_wconf 79' lang='lat' dir='ltr'>‚Moto</span> <span class='ocrx_word' id='word_1_75' title='bbox 435 2449 555 2523; x_wconf 78' lang='lat' dir='ltr'>pulvere</span> <span class='ocrx_word' id='word_1_76' title='bbox 577 2444 757 2508; x_wconf 84' lang='lat' dir='ltr'>sordidatur</span> <span class='ocrx_word' id='word_1_77' title='bbox 779 2468 838 2508; x_wconf 83' lang='lat' dir='ltr'>aer.</span> 
     </span>
    </p>

    <p class='ocr_par' dir='ltr' id='par_1_4' title="bbox 330 2547 1008 2842">
     <span class='ocr_line' id='line_1_18' title="bbox 330 2547 923 2630; baseline 0.007 -22"><span class='ocrx_word' id='word_1_78' title='bbox 330 2547 452 2609; x_wconf 77' lang='lat' dir='ltr'>Instant</span> <span class='ocrx_word' id='word_1_79' title='bbox 474 2551 637 2610; x_wconf 82' lang='lat' dir='ltr'>verberibus</span> <span class='ocrx_word' id='word_1_80' title='bbox 660 2549 752 2613; x_wconf 88' lang='lat' dir='ltr'>simul</span> <span class='ocrx_word' id='word_1_81' title='bbox 777 2557 923 2630; x_wconf 84' lang='lat' dir='ltr'>regentes</span> 
     </span>
     <span class='ocr_line' id='line_1_19' title="bbox 331 2652 1008 2733; baseline 0.012 -21"><span class='ocrx_word' id='word_1_82' title='bbox 331 2652 461 2731; x_wconf 90' lang='lat' dir='ltr'>lamque</span> <span class='ocrx_word' id='word_1_83' title='bbox 484 2659 516 2713; x_wconf 89' lang='lat' dir='ltr'>et</span> <span class='ocrx_word' id='word_1_84' title='bbox 538 2660 669 2728; x_wconf 88' lang='lat' dir='ltr'>pectora</span> <span class='ocrx_word' id='word_1_85' title='bbox 685 2677 786 2733; x_wconf 78' lang='lat' dir='ltr'>prona</span> <span class='ocrx_word' id='word_1_86' title='bbox 809 2655 848 2719; x_wconf 90' lang='lat' dir='ltr'>de</span> <span class='ocrx_word' id='word_1_87' title='bbox 871 2657 1008 2720; x_wconf 86' lang='lat' dir='ltr'>covinno</span> 
     </span>
     <span class='ocr_line' id='line_1_20' title="bbox 332 2755 847 2842; baseline 0.014 -25"><span class='ocrx_word' id='word_1_88' title='bbox 332 2755 461 2819; x_wconf 87' lang='lat' dir='ltr'>Extensi</span> <span class='ocrx_word' id='word_1_89' title='bbox 484 2756 660 2838; x_wconf 84' lang='lat' dir='ltr'>rapiuntur,</span> <span class='ocrx_word' id='word_1_90' title='bbox 685 2767 717 2821; x_wconf 92' lang='lat' dir='ltr'>ct</span> <span class='ocrx_word' id='word_1_91' title='bbox 738 2766 847 2842; x_wconf 69' lang='lat' dir='ltr'>inquies</span> 
     </span>
    </p>
   </div>
   <div class='ocr_carea' id='block_1_2' title="bbox 330 2860 990 3122">
    <p class='ocr_par' dir='ltr' id='par_1_5' title="bbox 330 2860 990 3122">
     <span class='ocr_line' id='line_1_21' title="bbox 332 2860 990 2946; baseline 0.014 -24"><span class='ocrx_word' id='word_1_92' title='bbox 332 2860 435 2924; x_wconf 86' lang='lat' dir='ltr'>Trans</span> <span class='ocrx_word' id='word_1_93' title='bbox 458 2879 567 2924; x_wconf 89' lang='lat' dir='ltr'>armos</span> <span class='ocrx_word' id='word_1_94' title='bbox 591 2861 710 2925; x_wconf 84' lang='lat' dir='ltr'>feriunt</span> <span class='ocrx_word' id='word_1_95' title='bbox 732 2874 869 2929; x_wconf 85' lang='lat' dir='ltr'>vacante</span> <span class='ocrx_word' id='word_1_96' title='bbox 892 2874 990 2946; x_wconf 84' lang='lat' dir='ltr'>tergo.</span> 
     </span>
     <span class='ocr_line' id='line_1_22' title="bbox 750 2966 866 3020; baseline 0.009 -1"><span class='ocrx_word' id='word_1_97' title='bbox 750 2966 866 3020; x_wconf 77' lang='lat' dir='ltr'>ese-358</span> 
     </span>
     <span class='ocr_line' id='line_1_23' title="bbox 330 3056 933 3122; baseline 0.008 -7"><span class='ocrx_word' id='word_1_98' title='bbox 330 3057 397 3116; x_wconf 80' lang='lat' dir='ltr'>Iam</span> <span class='ocrx_word' id='word_1_99' title='bbox 419 3073 477 3116; x_wconf 91' lang='lat' dir='ltr'>vos</span> <span class='ocrx_word' id='word_1_100' title='bbox 500 3071 540 3116; x_wconf 84' lang='lat' dir='ltr'>ex</span> <span class='ocrx_word' id='word_1_101' title='bbox 564 3059 653 3116; x_wconf 79' lang='lat' dir='ltr'>ocutis</span> <span class='ocrx_word' id='word_1_102' title='bbox 676 3056 765 3120; x_wconf 91' lang='lat' dir='ltr'>velut</span> <span class='ocrx_word' id='word_1_103' title='bbox 787 3057 933 3122; x_wconf 87' lang='lat' dir='ltr'>volantes</span> 
     </span>
    </p>
   </div>
   <div class='ocr_carea' id='block_1_3' title="bbox 331 3157 986 3766">
    <p class='ocr_par' dir='ltr' id='par_1_6' title="bbox 331 3157 986 3766">
     <span class='ocr_line' id='line_1_24' title="bbox 332 3157 860 3240; baseline 0.008 -19"><span class='ocrx_word' id='word_1_104' title='bbox 332 3157 530 3237; x_wconf 90' lang='lat' dir='ltr'>Consumpto</span> <span class='ocrx_word' id='word_1_105' title='bbox 554 3161 658 3239; x_wconf 92' lang='lat' dir='ltr'>spatio</span> <span class='ocrx_word' id='word_1_106' title='bbox 681 3163 860 3240; x_wconf 90' lang='lat' dir='ltr'>patentiore</span> 
     </span>
     <span class='ocr_line' id='line_1_25' title="bbox 333 3265 985 3342; baseline 0.012 -19"><span class='ocrx_word' id='word_1_107' title='bbox 333 3265 461 3342; x_wconf 74' lang='lat' dir='ltr'>Campus</span> <span class='ocrx_word' id='word_1_108' title='bbox 483 3265 644 3328; x_wconf 90' lang='lat' dir='ltr'>clauserat</span> <span class='ocrx_word' id='word_1_109' title='bbox 667 3273 755 3330; x_wconf 90' lang='lat' dir='ltr'>artus</span> <span class='ocrx_word' id='word_1_110' title='bbox 779 3275 847 3332; x_wconf 88' lang='lat' dir='ltr'>arte</span> <span class='ocrx_word' id='word_1_111' title='bbox 871 3266 985 3331; x_wconf 83' lang='lat' dir='ltr'>lactus</span> 
     </span>
     <span class='ocr_line' id='line_1_26' title="bbox 749 3386 865 3440; baseline 0 -1"><span class='ocrx_word' id='word_1_112' title='bbox 749 3386 865 3440; x_wconf 80' lang='lat'><strong>365-382</strong></span> 
     </span>
     <span class='ocr_line' id='line_1_27' title="bbox 331 3473 986 3557; baseline 0.002 -20"><span class='ocrx_word' id='word_1_113' title='bbox 331 3474 435 3538; x_wconf 90' lang='lat' dir='ltr'>Curae</span> <span class='ocrx_word' id='word_1_114' title='bbox 458 3481 506 3538; x_wconf 87' lang='lat' dir='ltr'>est</span> <span class='ocrx_word' id='word_1_115' title='bbox 530 3473 561 3535; x_wconf 92' lang='lat' dir='ltr'>id</span> <span class='ocrx_word' id='word_1_116' title='bbox 585 3475 707 3557; x_wconf 70' lang='lat' dir='ltr'>mediis</span> <span class='ocrx_word' id='word_1_117' title='bbox 731 3484 767 3539; x_wconf 86' lang='lat' dir='ltr'>ut</span> <span class='ocrx_word' id='word_1_118' title='bbox 789 3476 840 3542; x_wconf 88' lang='lat' dir='ltr'>ille</span> <span class='ocrx_word' id='word_1_119' title='bbox 865 3478 986 3556; x_wconf 88' lang='lat' dir='ltr'>primus</span> 
     </span>
     <span class='ocr_line' id='line_1_28' title="bbox 331 3581 845 3661; baseline 0.006 -20"><span class='ocrx_word' id='word_1_120' title='bbox 331 3581 466 3642; x_wconf 89' lang='lat' dir='ltr'>Pressus</span> <span class='ocrx_word' id='word_1_121' title='bbox 488 3585 651 3644; x_wconf 75' lang='lat' dir='ltr'>dexteriore</span> <span class='ocrx_word' id='word_1_122' title='bbox 674 3583 845 3661; x_wconf 88' lang='lat' dir='ltr'>concitatu,</span> 
     </span>
     <span class='ocr_line' id='line_1_29' title="bbox 332 3685 910 3766; baseline 0 -20"><span class='ocrx_word' id='word_1_123' title='bbox 332 3687 460 3746; x_wconf 88' lang='lat' dir='ltr'>Partem</span> <span class='ocrx_word' id='word_1_124' title='bbox 483 3685 510 3746; x_wconf 90' lang='lat' dir='ltr'>si</span> <span class='ocrx_word' id='word_1_125' title='bbox 533 3685 717 3763; x_wconf 84' lang='lat' dir='ltr'>patefecerit</span> <span class='ocrx_word' id='word_1_126' title='bbox 740 3687 910 3766; x_wconf 80' lang='lat' dir='ltr'>sinistram,</span> 
     </span>
    </p>
   </div>
   <div class='ocr_carea' id='block_1_4' title="bbox 291 3789 1329 3964">
    <p class='ocr_par' dir='ltr' id='par_1_7' title="bbox 291 3789 1329 3964">
     <span class='ocr_line' id='line_1_30' title="bbox 291 3789 1329 3892; baseline -0.006 -14"><span class='ocrx_word' id='word_1_127' title='bbox 291 3789 499 3889; x_wconf 47' lang='lat' dir='ltr'>Mil—V</span> <span class='ocrx_word' id='word_1_128' title='bbox 518 3821 569 3876; x_wconf 80' lang='lat'>139</span> <span class='ocrx_word' id='word_1_129' title='bbox 588 3840 628 3892; x_wconf 89' lang='lat' dir='ltr'>sq.</span> <span class='ocrx_word' id='word_1_130' title='bbox 651 3824 724 3890; x_wconf 87' lang='lat' dir='ltr'>lude,</span> <span class='ocrx_word' id='word_1_131' title='bbox 744 3823 791 3876; x_wconf 91' lang='lat' dir='ltr'>ubi</span> <span class='ocrx_word' id='word_1_132' title='bbox 809 3825 883 3878; x_wconf 85' lang='lat' dir='ltr'>clara</span> <span class='ocrx_word' id='word_1_133' title='bbox 901 3823 974 3877; x_wconf 90' lang='lat' dir='ltr'>dedit</span> <span class='ocrx_word' id='word_1_134' title='bbox 991 3826 1108 3877; x_wconf 77' lang='lat' dir='ltr'>sortitum</span> <span class='ocrx_word' id='word_1_135' title='bbox 1127 3826 1198 3890; x_wconf 77' lang='lat' dir='ltr'>tubo,</span> <span class='ocrx_word' id='word_1_136' title='bbox 1217 3821 1329 3874; x_wconf 79' lang='lat' dir='ltr'>funibus</span> 
     </span>
     <span class='ocr_line' id='line_1_31' title="bbox 965 3927 1114 3964; baseline 0 -1"><span class='ocrx_word' id='word_1_137' title='bbox 965 3927 1062 3964; x_wconf 87' lang='lat' dir='ltr'>omnes</span> <span class='ocrx_word' id='word_1_138' title='bbox 1081 3942 1114 3949; x_wconf 88' lang='lat'><em>-</em></span> 
     </span>
    </p>
   </div>
   <div class='ocr_carea' id='block_1_5' title="bbox 288 3997 1316 4422">
    <p class='ocr_par' dir='ltr' id='par_1_8' title="bbox 288 3997 1316 4422">
     <span class='ocr_line' id='line_1_32' title="bbox 642 3997 1118 4067; baseline 0.002 -17"><span class='ocrx_word' id='word_1_139' title='bbox 642 3997 714 4051; x_wconf 85' lang='lat' dir='ltr'>Haut</span> <span class='ocrx_word' id='word_1_140' title='bbox 732 4013 811 4051; x_wconf 89' lang='lat' dir='ltr'>mora</span> <span class='ocrx_word' id='word_1_141' title='bbox 830 4029 862 4036; x_wconf 88' lang='lat'>-</span> <span class='ocrx_word' id='word_1_142' title='bbox 881 3997 1032 4067; x_wconf 85' lang='lat' dir='ltr'>prosiluere</span> <span class='ocrx_word' id='word_1_143' title='bbox 1051 3998 1118 4051; x_wconf 88' lang='lat' dir='ltr'>suis.</span> 
     </span>
     <span class='ocr_line' id='line_1_33' title="bbox 288 4084 1316 4156; baseline -0.008 -15"><span class='ocrx_word' id='word_1_144' title='bbox 288 4085 552 4154; x_wconf 65' lang='lat' dir='ltr'>pleneme-147.</span> <span class='ocrx_word' id='word_1_145' title='bbox 571 4084 634 4139; x_wconf 92' lang='lat' dir='ltr'>Non</span> <span class='ocrx_word' id='word_1_146' title='bbox 653 4091 708 4140; x_wconf 89' lang='lat' dir='ltr'>tam</span> <span class='ocrx_word' id='word_1_147' title='bbox 728 4086 891 4156; x_wconf 87' lang='lat' dir='ltr'>praecipites</span> <span class='ocrx_word' id='word_1_148' title='bbox 910 4085 1001 4154; x_wconf 84' lang='lat' dir='ltr'>biiugo</span> <span class='ocrx_word' id='word_1_149' title='bbox 1020 4085 1168 4140; x_wconf 86' lang='lat' dir='ltr'>certamine</span> <span class='ocrx_word' id='word_1_150' title='bbox 1188 4100 1316 4152; x_wconf 87' lang='lat' dir='ltr'>campum</span> 
     </span>
     <span class='ocr_line' id='line_1_34' title="bbox 571 4171 1237 4243; baseline -0.008 -17"><span class='ocrx_word' id='word_1_151' title='bbox 571 4171 732 4243; x_wconf 86' lang='lat' dir='ltr'>Corripuere</span> <span class='ocrx_word' id='word_1_152' title='bbox 750 4178 888 4242; x_wconf 89' lang='lat' dir='ltr'>ruuntque</span> <span class='ocrx_word' id='word_1_153' title='bbox 907 4172 987 4227; x_wconf 79' lang='lat' dir='ltr'>effusi</span> <span class='ocrx_word' id='word_1_154' title='bbox 1005 4189 1114 4227; x_wconf 86' lang='lat' dir='ltr'>carcere</span> <span class='ocrx_word' id='word_1_155' title='bbox 1132 4187 1237 4237; x_wconf 83' lang='lat' dir='ltr'>currus,</span> 
     </span>
     <span class='ocr_line' id='line_1_35' title="bbox 566 4260 1189 4329; baseline -0.005 -15"><span class='ocrx_word' id='word_1_156' title='bbox 566 4260 623 4316; x_wconf 91' lang='lat' dir='ltr'>Nec</span> <span class='ocrx_word' id='word_1_157' title='bbox 642 4261 681 4316; x_wconf 88' lang='lat' dir='ltr'>sic</span> <span class='ocrx_word' id='word_1_158' title='bbox 699 4262 831 4318; x_wconf 89' lang='lat' dir='ltr'>immissis</span> <span class='ocrx_word' id='word_1_159' title='bbox 850 4261 960 4329; x_wconf 84' lang='lat' dir='ltr'>aurigae</span> <span class='ocrx_word' id='word_1_160' title='bbox 980 4261 1113 4314; x_wconf 85' lang='lat' dir='ltr'>undantia</span> <span class='ocrx_word' id='word_1_161' title='bbox 1129 4260 1189 4312; x_wconf 87' lang='lat' dir='ltr'>lora</span> 
     </span>
     <span class='ocr_line' id='line_1_36' title="bbox 568 4345 1309 4422; baseline -0.015 -17"><span class='ocrx_word' id='word_1_162' title='bbox 568 4349 740 4416; x_wconf 79' lang='lat' dir='ltr'>Concessere</span> <span class='ocrx_word' id='word_1_163' title='bbox 759 4349 828 4422; x_wconf 82' lang='lat' dir='ltr'>iugis</span> <span class='ocrx_word' id='word_1_164' title='bbox 843 4352 982 4420; x_wconf 78' lang='lat' dir='ltr'>pronique</span> <span class='ocrx_word' id='word_1_165' title='bbox 1001 4348 1030 4400; x_wconf 90' lang='lat' dir='ltr'>in</span> <span class='ocrx_word' id='word_1_166' title='bbox 1048 4347 1164 4401; x_wconf 87' lang='lat' dir='ltr'>verbera</span> <span class='ocrx_word' id='word_1_167' title='bbox 1182 4345 1309 4420; x_wconf 87' lang='lat' dir='ltr'>pendent.</span> 
     </span>
    </p>
   </div>
   <div class='ocr_carea' id='block_1_6' title="bbox 0 0 1623 5248">
    <p class='ocr_par' dir='ltr' id='par_1_9' title="bbox 0 0 1623 5248">
     <span class='ocr_line' id='line_1_37' title="bbox 0 0 1623 5248; baseline 0 0"><span class='ocrx_word' id='word_1_168' title='bbox 0 0 1623 5248; x_wconf 95' lang='lat' dir='ltr'> </span> 
     </span>
    </p>
   </div>
  </div>
 </body>
</html>
