3232 5248
693 747 816 815 amm

276 839 458 902 Nocturnas
481 837 533 901 alii
557 837 718 919 Phrygum
741 839 850 902 ruinas

279 945 316 1006 Et
339 943 428 1006 tarde
453 943 579 1006 reducis
602 944 671 1005 vias
694 942 794 1007 Ulixis

278 1049 316 1110 Et
337 1065 475 1127 puppem
499 1047 702 1111 temerariam
726 1047 897 1125 Minervae,

282 1158 364 1214 Trita
387 1153 514 1215 vatibus
538 1157 640 1230 arbita,
664 1161 858 1236 sequantur..

715 1273 739 1338 9,
759 1274 794 1328 20

277 1362 349 1425 Non
372 1370 497 1426 coctam
522 1360 686 1442 Babylona
705 1367 876 1442 personabo.

702 1498 796 1566 amm

280 1589 351 1652 Non
375 1587 458 1667 Apin
481 1587 688 1651 Mareoticum
712 1593 828 1651 sonabo.

651 1708 856 1777 sunam

277 1799 312 1862 Et
338 1805 460 1861 vestros
483 1797 684 1879 hymenaeon
708 1806 781 1862 ante
805 1806 912 1878 postes

283 1905 384 1967 Festis
408 1903 555 1967 cantibus
578 1905 648 1982 ipsa
666 1909 839 1984 personabo.

736 2178 815 2244 am

280 2267 426 2330 lullatum
452 2268 681 2330 numerositate
704 2268 853 2331 Xerxem.

734 2387 829 2454 amr

279 2479 317 2538 Et
340 2495 436 2539 carus
452 2481 652 2556 popularitate
674 2477 830 2555 princeps

673 2613 836 2681 suam

280 2704 317 2761 nt
341 2709 465 2780 graium
483 2707 683 2781 popularitate
706 2704 866 2784 Magnum.

696 2961 720 3026 9,
739 2961 820 3014 47-50

281 3049 353 3113 Non
376 3050 499 3128 prolem
521 3053 729 3111 Garamantici
755 3054 894 3112 Tonantis

281 3154 398 3233 Regnis
421 3153 679 3234 principibusque
702 3155 934 3232 principantem

282 3261 449 3323 Porrectas
472 3259 567 3322 Asiae
590 3258 703 3340 loquar
726 3266 858 3338 paterno

284 3366 400 3428 Actam
420 3369 543 3442 fanniae
566 3364 748 3444 pervolasse
772 3373 882 3429 terras

654 3501 863 3568 sunam

284 3592 337 3655 Sic
360 3599 471 3654 nalum
494 3596 668 3654 Nasamonii
696 3597 835 3654 Tonantis

285 3698 360 3757 Post
384 3702 472 3757 ortus
495 3695 664 3776 obitusque
685 3700 856 3773 fulminatos

286 3799 429 3878 Angusto
452 3798 597 3879 Babylon
620 3799 735 3877 premit
757 3799 913 3877 sepulcro.

241 3904 373 3968 Numeri
396 3905 481 3983 apud
503 3904 611 3968 Sidou.
640 3903 670 3981 9,
695 3903 758 3966 297
782 3912 812 3966 et
838 3904 912 3968 Silv.
938 3907 961 3968 ll
985 3908 1014 3985 7,
1039 3905 1081 3970 69
1099 3913 1281 3984 congruunt

241 4011 326 4073 hunc
337 4010 369 4072 in
382 4008 526 4073 modum:
541 4065 557 4074 .
567 4067 608 4094 U
618 4054 756 4143 U
766 4061 817 4098 U,
830 4009 863 4072 in
873 4029 935 4075 vss
948 4011 989 4074 47
1002 4019 1033 4074 et
1045 4011 1086 4076 93
1101 4018 1208 4073 autem
1221 4010 1278 4071 ita:
