3232 5248
702 811 726 875 5,
746 808 827 864 28-30

293 907 408 968 Pectus
431 904 515 983 palla
538 903 623 982 tegit,
648 917 746 982 quam
769 907 902 962 neverat
926 897 980 961 llia
1003 899 1153 976 coniunx,

292 1009 437 1090 Liquenti
461 1026 543 1090 quae
566 1008 677 1069 iuncta
698 1013 769 1068 toro
792 1004 859 1066 vult
882 1022 1048 1066 murmura
1070 1001 1208 1083 lymphis

291 1112 414 1178 Tollere
438 1121 469 1176 et
492 1117 597 1176 uadosi
620 1129 769 1174 somnum
793 1126 923 1171 servare
946 1113 1055 1170 mariti.

685 1225 844 1295 mmm

618 1318 749 1397 Quoties
772 1315 929 1397 Scythicis
952 1315 1040 1379 illata
1062 1315 1183 1379 colonis

294 1426 437 1490 Classica
459 1431 644 1504 presserunt
666 1422 834 1504 Hypanim,
860 1426 1043 1502 Peaaemque
1069 1421 1223 1501 rigentem

294 1531 399 1595 llente
422 1528 568 1593 salutatis
592 1528 689 1590 irrisit
712 1526 776 1589 lixa
799 1526 931 1605 pruinis.

644 1644 890 1712 aramma

298 1740 349 1803 An
372 1741 446 1818 iuga
469 1737 655 1801 Pannoniae
678 1743 918 1817 mutatoresque
941 1735 1110 1799 domorum

296 1845 505 1908 Sauromatas
531 1839 676 1922 quaties?
699 1859 742 1904 an
765 1848 795 1904 te
818 1850 953 1920 septenas
974 1839 1105 1904 habebit

295 1952 395 2011 Hister
418 1956 450 2011 et
472 1952 582 2010 undoso
605 1945 794 2008 circumflua
816 1952 933 2026 aaaiuye
957 1949 1067 2008 Panae?

694 2253 853 2321 samm

757 2343 851 2407 simul
874 2343 995 2408 lassata
1018 2346 1187 2426 quiescunt

298 2449 402 2531 Orgia,
427 2458 459 2513 et
482 2450 522 2513 ad
546 2454 666 2529 biforem
689 2449 801 2514 reboat
823 2467 883 2512 neo
907 2454 978 2512 tibia
998 2455 1110 2528 flatura.

297 2555 358 2617 Vix
381 2556 524 2648 requiesq
556 2555 619 2618 iam
643 2561 739 2634 ponte
761 2553 868 2634 ligant,
898 2561 983 2618 rotat
1005 2555 1122 2619 enthea
1145 2556 1291 2638 thyrsum

299 2660 453 2739 Bassaris
479 2669 511 2723 et
533 2659 668 2724 maculis
691 2659 885 2740 Erythraeae
908 2659 1058 2723 nebridos
1081 2661 1216 2726 horrens

299 2763 423 2825 Excitat
446 2761 597 2844 Odrysios
620 2763 660 2825 atl
683 2763 826 2826 marcida
848 2775 988 2844 tyrapaua
1011 2772 1140 2844 mystae.

682 2868 857 2947 numm

297 2972 355 3034 Hic
379 2979 410 3034 et
434 2970 534 3050 Sigeis
557 2970 716 3049 specubus
740 2972 794 3052 qui
817 2972 973 3052 Dindyma
996 2972 1083 3054 ludit,

297 3075 363 3138 lam
387 3082 494 3138 sectus
516 3074 635 3138 recalet
658 3072 810 3155 Corybas
836 3076 887 3138 aui
910 3085 1036 3156 gutture
1058 3097 1138 3142 ravo

299 3180 405 3258 Ignem
428 3198 484 3258 per
508 3183 613 3257 bifores
635 3187 803 3258 regemunt
826 3198 907 3242 aava
931 3180 1017 3244 buxa
1040 3205 1187 3245 cavernas.

670 3296 874 3367 mmmm

300 3386 448 3467 Aeraque
470 3397 676 3470 tympanaque
699 3395 731 3448 et
754 3391 874 3465 biforem
896 3388 1029 3451 reticere
1052 3394 1205 3452 titubabam

301 3492 449 3571 Imperat,
474 3483 628 3554 attonitas
650 3491 704 3572 qui
727 3491 847 3554 oireum
872 3490 1027 3570 plurimus
1051 3512 1154 3557 aures,

255 3593 301 3656 Cf.
327 3594 418 3672 Verg.
443 3595 480 3659 Α.
505 3595 547 3658 lX
570 3596 634 3659 618
659 3615 726 3676 sqq.

298 3697 463 3777 Dindyma,
492 3697 546 3760 ubi
570 3699 710 3762 adsuetis
732 3704 853 3777 biforem
876 3700 930 3761 dat
953 3705 1023 3762 tibba
1046 3713 1171 3764 cambam.

255 3997 298 4058 De
331 3999 486 4074 Pbleproeo
519 4011 614 4074 quem
637 3993 746 4056 dieunt
776 3995 913 4058 tumultu
944 3995 982 4060 et
1014 3998 1044 4077 6,
1078 3999 1120 4061 23
1144 4019 1211 4081 sqq.
1240 4000 1289 4080 15,

258 4100 298 4164 16
321 4119 388 4180 sqq.
414 4117 487 4160 eum
512 4097 569 4162 Th.
593 4097 618 4160 ll
641 4099 704 4164 595
729 4119 796 4181 sqq.
