3232 5248
648 761 674 814 s
688 761 710 812 u
729 762 753 826 a,
774 761 853 816 63-67

275 856 356 934 Quid
379 853 516 917 referam
540 859 666 915 veteres
690 869 847 940 ceraeque
871 857 1011 931 aerisque
1032 851 1177 930 liparas?

276 962 309 1024 Si
334 960 408 1040 quid
432 956 552 1036 Apellei
576 956 713 1035 gaudent
738 956 901 1018 animasse
924 961 1040 1033 colores,

277 1065 310 1126 Si
334 1062 409 1143 quid
432 1060 538 1124 adhuc
561 1078 673 1139 vacua,
698 1067 807 1122 tamen
829 1058 1024 1138 admirabile,
1049 1059 1124 1120 Pisa

278 1173 434 1230 Phidiacae
456 1185 564 1230 rasere
583 1186 712 1246 rnanus,
738 1166 822 1248 quod
845 1165 886 1228 ab
910 1172 977 1228 arte
1000 1164 1141 1246 Myronis

279 1273 342 1336 Aut
366 1278 520 1355 Polycleteo
543 1272 667 1334 iussurn
691 1278 739 1334 est
762 1271 847 1352 quod
870 1270 977 1333 vivere
1001 1274 1086 1331 caelo.

545 1438 546 1441 κ
652 1408 678 1462 S.
692 1407 725 1462 IV
738 1410 762 1474 6,
776 1408 858 1462 25-30

276 1501 335 1564 Hic
357 1501 412 1562 tibi
438 1517 521 1580 quae
543 1499 638 1561 docto
662 1497 798 1560 multum
820 1495 949 1576 vigilata
971 1496 1096 1576 Myroni

258 1611 370 1685 'Aera
393 1603 554 1668 laboriferi
577 1603 687 1667 vivant
710 1622 793 1685 quae
815 1625 967 1666 marmora
989 1607 1066 1664 eaelo

280 1718 449 1790 Praxitelis,
473 1711 558 1792 quod
582 1710 662 1773 ebur
677 1710 792 1773 Pisaeo
816 1708 928 1788 pollice
951 1726 1072 1786 rasum,

278 1817 380 1895 Quod·
393 1821 557 1898 Polycleteis
579 1803 703 1878 iussurn
727 1802 850 1893 spirare
874 1806 1017 1890 caminis

279 1922 377 1984 Linea
400 1940 482 2002 quac
506 1929 647 1984 veterem
669 1919 763 2000 longe
787 1918 925 1984 fateatur
947 1916 1102 1997 Apellam,

281 2026 478 2089 Monstrabit.

237 2128 283 2194 cf.
308 2131 404 2194 etiarn
427 2129 458 2193 S.
483 2131 495 2192 l
518 2131 547 2209 3,
572 2129 682 2193 [rt-51.

654 2305 860 2312 —————--.-—-—-

622 2441 706 2510 Epist.
725 2441 748 2492 n
768 2440 890 2508 roa-15

244 2567 248 2576 =
281 2535 368 2595 lntus
390 2533 445 2595 lux
468 2533 575 2612 micat,
600 2540 696 2613 atquc
720 2532 921 2595 bracteatum

282 2641 329 2698 Sel
353 2638 398 2698 sic
422 2637 608 2700 sollicitatur
630 2637 672 2700 ad
694 2637 837 2716 lacunar,

282 2741 382 2805 Fulvo
406 2748 442 2803 ut
464 2740 615 2804 concolor
638 2749 723 2805 errct
744 2743 778 2804 in
801 2738 938 2805 metallo.

285 2851 460 2909 Distinctunt
482 2851 564 2907 cario
586 2845 690 2908 nitore
713 2865 855 2908 marmor

283 2950 445 3014 Percurrit
468 2973 623 3028 eameram,
647 2950 759 3030 solum,
785 2948 956 3012 fenestras:

285 3055 333 3117 Ac
356 3055 416 3117 suh
439 3053 817 3141 versicoloribusfiguris

283 3159 430 3223 Vernans
453 3160 586 3224 herbida
609 3166 718 3223 crusta
742 3158 945 3236 sapphiratos

287 3265 399 3329 Plectit
422 3285 478 3344 per
501 3267 667 3345 prasinum
691 3266 808 3329 vitrum
833 3264 966 3344 lapillos.

658 3403 685 3456 s.
705 3403 715 3454 1
737 3403 761 3470 a,
779 3402 861 3457 roro

283 3495 345 3557 Vix
368 3493 459 3556 locus
483 3493 630 3571 Eurotae,
656 3493 765 3556 viridis
790 3513 863 3562 curn
887 3491 997 3572 regu1a
1019 3491 1113 3569 longo

288 3599 441 3678 Synnada
464 3603 601 3660 distinete
624 3603 730 3660 eae-tet.
755 3597 827 3661 Non
849 3597 972 3661 lumina
995 3601 1132 3674 cessant,

285 3702 439 3780 Effulgenl
462 3725 602 3780 camerae,
626 3707 711 3764 corio
732 3701 859 3781 fastigia
882 3702 964 3763 vitro

285 3808 320 3869 ln
344 3806 467 3883 specics
490 3806 634 3868 animata
656 3806 766 3868 nitent.
792 3806 906 3884 Stupet
927 3805 996 3882 ipsc
1019 3805 1132 3868 beatas

287 3908 530 3988 Circumplexus
554 3927 631 3988 opes
654 3916 686 3972 ct
708 3909 836 3988 parcius
859 3910 996 3987 imperat
1018 3909 1108 3988 ignis.

287 4014 405 4077 Multus
427 4014 546 4095 ubique
569 4013 658 4093 deus,
683 4014 780 4077 radiis
803 4014 858 4076 ubi
882 4013 1023 4076 culmina
1045 4014 1119 4077 totis

274 4118 436 4183 ,Perforat
458 4127 554 4199 atquc
578 4118 641 4182 alio
663 4124 705 4181 sol
728 4119 892 4198 improbus
915 4119 1017 4182 uritur
1040 4125 1140 4182 aestu.

660 4295 864 4304 ——w—--m
