<?xml version="1.0" encoding="UTF-8"?>
<!DOCTYPE html PUBLIC "-//W3C//DTD XHTML 1.0 Transitional//EN"
    "http://www.w3.org/TR/xhtml1/DTD/xhtml1-transitional.dtd">
<html xmlns="http://www.w3.org/1999/xhtml" xml:lang="en" lang="en">
 <head>
  <title>
</title>
<meta http-equiv="Content-Type" content="text/html;charset=utf-8" />
  <meta name='ocr-system' content='tesseract 3.04.00' />
  <meta name='ocr-capabilities' content='ocr_page ocr_carea ocr_par ocr_line ocrx_word'/>
</head>
<body>
  <div class='ocr_page' id='page_1' title='image "./decsolliiapolli00bitsgoog_0089.png"; bbox 0 0 3232 5248; ppageno 0'>
   <div class='ocr_carea' id='block_1_1' title="bbox 811 919 876 1012">
    <p class='ocr_par' dir='ltr' id='par_1_1' title="bbox 811 919 876 1012">
     <span class='ocr_line' id='line_1_1' title="bbox 811 919 876 1012; baseline -0.031 0"><span class='ocrx_word' id='word_1_1' title='bbox 811 919 876 1012; x_wconf 90' lang='grc'><strong>111.</strong></span> 
     </span>
    </p>
   </div>
   <div class='ocr_carea' id='block_1_2' title="bbox 328 1150 1369 1332">
    <p class='ocr_par' dir='ltr' id='par_1_2' title="bbox 328 1150 1369 1332">
     <span class='ocr_line' id='line_1_2' title="bbox 328 1150 1369 1226; baseline -0.009 -8"><span class='ocrx_word' id='word_1_2' title='bbox 328 1159 520 1218; x_wconf 77' lang='lat' dir='ltr'><strong>Arruuorcrs</strong></span> <span class='ocrx_word' id='word_1_3' title='bbox 543 1169 626 1215; x_wconf 79' lang='lat' dir='ltr'><strong>Loco</strong></span> <span class='ocrx_word' id='word_1_4' title='bbox 650 1169 739 1214; x_wconf 74' lang='lat' dir='ltr'><strong>auras</strong></span> <span class='ocrx_word' id='word_1_5' title='bbox 756 1167 905 1226; x_wconf 77' lang='lat' dir='ltr'><strong>Quasoau</strong></span> <span class='ocrx_word' id='word_1_6' title='bbox 922 1166 1048 1210; x_wconf 80' lang='lat' dir='ltr'><strong>urouuor</strong></span> <span class='ocrx_word' id='word_1_7' title='bbox 1070 1166 1203 1210; x_wconf 73' lang='lat' dir='ltr'><strong>saurais</strong></span> <span class='ocrx_word' id='word_1_8' title='bbox 1219 1150 1369 1211; x_wconf 76' lang='lat' dir='ltr'><strong>Srarraur</strong></span> 
     </span>
     <span class='ocr_line' id='line_1_3' title="bbox 434 1261 1250 1332; baseline -0.01 -11"><span class='ocrx_word' id='word_1_9' title='bbox 434 1261 662 1332; x_wconf 76' lang='lat' dir='ltr'><strong>Sroonrnnrquu</strong></span> <span class='ocrx_word' id='word_1_10' title='bbox 685 1271 925 1318; x_wconf 75' lang='lat' dir='ltr'><strong>proparerares</strong></span> <span class='ocrx_word' id='word_1_11' title='bbox 949 1271 1107 1316; x_wconf 81' lang='lat' dir='ltr'><strong>Turrorssu</strong></span> <span class='ocrx_word' id='word_1_12' title='bbox 1129 1270 1250 1315; x_wconf 66' lang='lat' dir='ltr'><strong>arcear.</strong></span> 
     </span>
    </p>
   </div>
   <div class='ocr_carea' id='block_1_3' title="bbox 329 1444 1492 1531">
    <p class='ocr_par' dir='ltr' id='par_1_3' title="bbox 329 1444 1492 1531">
     <span class='ocr_line' id='line_1_4' title="bbox 329 1444 1492 1531; baseline -0.008 -18"><span class='ocrx_word' id='word_1_13' title='bbox 329 1457 373 1513; x_wconf 84' lang='lat' dir='ltr'><strong>Ao</strong></span> <span class='ocrx_word' id='word_1_14' title='bbox 390 1457 524 1531; x_wconf 80' lang='lat' dir='ltr'><strong>primum</strong></span> <span class='ocrx_word' id='word_1_15' title='bbox 539 1453 627 1511; x_wconf 81' lang='lat' dir='ltr'><strong>Statii</strong></span> <span class='ocrx_word' id='word_1_16' title='bbox 640 1455 795 1528; x_wconf 77' lang='lat' dir='ltr'><strong>proprium</strong></span> <span class='ocrx_word' id='word_1_17' title='bbox 817 1459 857 1510; x_wconf 82' lang='lat' dir='ltr'><strong>est</strong></span> <span class='ocrx_word' id='word_1_18' title='bbox 879 1453 968 1510; x_wconf 84' lang='lat' dir='ltr'><strong>simili</strong></span> <span class='ocrx_word' id='word_1_19' title='bbox 982 1451 1053 1508; x_wconf 83' lang='lat' dir='ltr'><strong>data</strong></span> <span class='ocrx_word' id='word_1_20' title='bbox 1068 1451 1215 1508; x_wconf 78' lang='lat' dir='ltr'><em>occasione</em></span> <span class='ocrx_word' id='word_1_21' title='bbox 1228 1444 1369 1508; x_wconf 71' lang='lat' dir='ltr'><em>similibus</em></span> <span class='ocrx_word' id='word_1_22' title='bbox 1490 1483 1492 1492; x_wconf 79' lang='lat'><strong>.</strong></span> 
     </span>
    </p>
   </div>
   <div class='ocr_carea' id='block_1_4' title="bbox 324 1549 1372 4142">
    <p class='ocr_par' dir='ltr' id='par_1_4' title="bbox 328 1549 1367 1636">
     <span class='ocr_line' id='line_1_5' title="bbox 328 1549 1367 1636; baseline -0.005 -18"><span class='ocrx_word' id='word_1_23' title='bbox 328 1562 369 1618; x_wconf 82' lang='lat' dir='ltr'><strong>vel</strong></span> <span class='ocrx_word' id='word_1_24' title='bbox 386 1580 481 1636; x_wconf 81' lang='lat' dir='ltr'><strong>poene</strong></span> <span class='ocrx_word' id='word_1_25' title='bbox 503 1560 604 1618; x_wconf 83' lang='lat' dir='ltr'><strong>iisdem</strong></span> <span class='ocrx_word' id='word_1_26' title='bbox 620 1577 706 1618; x_wconf 82' lang='lat' dir='ltr'><strong>nsum</strong></span> <span class='ocrx_word' id='word_1_27' title='bbox 721 1559 812 1616; x_wconf 81' lang='lat' dir='ltr'><strong>verbis</strong></span> <span class='ocrx_word' id='word_1_28' title='bbox 827 1559 940 1616; x_wconf 82' lang='lat' dir='ltr'><strong>eosdem</strong></span> <span class='ocrx_word' id='word_1_29' title='bbox 958 1575 1005 1615; x_wconf 82' lang='lat' dir='ltr'><strong>res</strong></span> <span class='ocrx_word' id='word_1_30' title='bbox 1020 1574 1170 1628; x_wconf 77' lang='lat' dir='ltr'><strong>enarrare,</strong></span> <span class='ocrx_word' id='word_1_31' title='bbox 1195 1569 1259 1631; x_wconf 85' lang='lat' dir='ltr'><strong>qua</strong></span> <span class='ocrx_word' id='word_1_32' title='bbox 1281 1549 1319 1612; x_wconf 88' lang='lat' dir='ltr'><strong>de</strong></span> <span class='ocrx_word' id='word_1_33' title='bbox 1334 1569 1367 1613; x_wconf 84' lang='lat' dir='ltr'><strong>re</strong></span> 
     </span>
    </p>

    <p class='ocr_par' dir='ltr' id='par_1_5' title="bbox 329 1651 1367 1739">
     <span class='ocr_line' id='line_1_6' title="bbox 329 1651 1367 1739; baseline -0.008 -15"><span class='ocrx_word' id='word_1_34' title='bbox 329 1659 368 1724; x_wconf 83' lang='lat' dir='ltr'><strong>ol.</strong></span> <span class='ocrx_word' id='word_1_35' title='bbox 385 1663 492 1725; x_wconf 72' lang='lat' dir='ltr'><strong>(Iross</strong></span> <span class='ocrx_word' id='word_1_36' title='bbox 510 1660 578 1724; x_wconf 74' lang='lat' dir='ltr'><strong>obs</strong></span> <span class='ocrx_word' id='word_1_37' title='bbox 603 1680 632 1739; x_wconf 86' lang='lat' dir='ltr'><strong>p.</strong></span> <span class='ocrx_word' id='word_1_38' title='bbox 650 1660 706 1724; x_wconf 77' lang='lat'><strong>21:</strong></span> <span class='ocrx_word' id='word_1_39' title='bbox 731 1683 750 1721; x_wconf 85' lang='lat' dir='ltr'><strong>a</strong></span> <span class='ocrx_word' id='word_1_40' title='bbox 773 1663 891 1721; x_wconf 84' lang='lat' dir='ltr'><strong>Sidonio</strong></span> <span class='ocrx_word' id='word_1_41' title='bbox 914 1681 1023 1739; x_wconf 84' lang='lat' dir='ltr'><strong>quoqne</strong></span> <span class='ocrx_word' id='word_1_42' title='bbox 1041 1662 1111 1719; x_wconf 80' lang='lat' dir='ltr'><strong>liaeo</strong></span> <span class='ocrx_word' id='word_1_43' title='bbox 1125 1651 1297 1718; x_wconf 72' lang='lat' dir='ltr'><strong>consuetudo</strong></span> <span class='ocrx_word' id='word_1_44' title='bbox 1311 1679 1367 1717; x_wconf 85' lang='lat' dir='ltr'><strong>non</strong></span> 
     </span>
    </p>

    <p class='ocr_par' dir='ltr' id='par_1_6' title="bbox 328 1758 1363 1844">
     <span class='ocr_line' id='line_1_7' title="bbox 328 1758 1363 1844; baseline -0.01 -17"><span class='ocrx_word' id='word_1_45' title='bbox 328 1776 369 1827; x_wconf 84' lang='lat' dir='ltr'><strong>est</strong></span> <span class='ocrx_word' id='word_1_46' title='bbox 391 1771 496 1827; x_wconf 79' lang='lat' dir='ltr'><strong>atinio.</strong></span> <span class='ocrx_word' id='word_1_47' title='bbox 530 1766 661 1827; x_wconf 89' lang='lat' dir='ltr'><strong>Praeter</strong></span> <span class='ocrx_word' id='word_1_48' title='bbox 683 1763 770 1826; x_wconf 84' lang='lat' dir='ltr'><strong>locos</strong></span> <span class='ocrx_word' id='word_1_49' title='bbox 793 1783 875 1844; x_wconf 89' lang='lat' dir='ltr'><strong>quos</strong></span> <span class='ocrx_word' id='word_1_50' title='bbox 899 1765 963 1826; x_wconf 86' lang='lat' dir='ltr'><strong>iarn</strong></span> <span class='ocrx_word' id='word_1_51' title='bbox 986 1763 1019 1825; x_wconf 88' lang='lat' dir='ltr'><strong>in</strong></span> <span class='ocrx_word' id='word_1_52' title='bbox 1042 1760 1256 1840; x_wconf 86' lang='lat' dir='ltr'><strong>superioribus</strong></span> <span class='ocrx_word' id='word_1_53' title='bbox 1277 1758 1363 1820; x_wconf 89' lang='lat' dir='ltr'><strong>attuli</strong></span> 
     </span>
    </p>

    <p class='ocr_par' dir='ltr' id='par_1_7' title="bbox 329 1866 961 1948">
     <span class='ocr_line' id='line_1_8' title="bbox 329 1866 961 1948; baseline -0.008 -16"><span class='ocrx_word' id='word_1_54' title='bbox 329 1870 362 1932; x_wconf 92' lang='lat' dir='ltr'><strong>hi</strong></span> <span class='ocrx_word' id='word_1_55' title='bbox 384 1870 586 1948; x_wconf 86' lang='lat' dir='ltr'><strong>potissimum</strong></span> <span class='ocrx_word' id='word_1_56' title='bbox 610 1866 828 1931; x_wconf 86' lang='lat' dir='ltr'><strong>conferantur:</strong></span> <span class='ocrx_word' id='word_1_57' title='bbox 959 1936 961 1942; x_wconf 26' lang='lat'><strong>¹</strong></span> 
     </span>
    </p>

    <p class='ocr_par' dir='ltr' id='par_1_8' title="bbox 329 1971 1364 2159">
     <span class='ocr_line' id='line_1_9' title="bbox 329 1971 1364 2055; baseline -0.008 -16"><span class='ocrx_word' id='word_1_58' title='bbox 329 1977 358 2055; x_wconf 99' lang='grc'>2,</span> <span class='ocrx_word' id='word_1_59' title='bbox 384 1975 425 2037; x_wconf 88' lang='grc'><strong>70</strong></span> <span class='ocrx_word' id='word_1_60' title='bbox 449 1994 516 2055; x_wconf 89' lang='lat' dir='ltr'><strong>sqq.</strong></span> <span class='ocrx_word' id='word_1_61' title='bbox 544 1973 593 2052; x_wconf 87' lang='lat'><strong>15,</strong></span> <span class='ocrx_word' id='word_1_62' title='bbox 621 1972 681 2037; x_wconf 85' lang='lat'><strong>162</strong></span> <span class='ocrx_word' id='word_1_63' title='bbox 698 1992 766 2053; x_wconf 90' lang='lat' dir='ltr'><strong>sqq.</strong></span> <span class='ocrx_word' id='word_1_64' title='bbox 784 1974 835 2053; x_wconf 90' lang='grc'>23,</span> <span class='ocrx_word' id='word_1_65' title='bbox 856 1972 913 2036; x_wconf 87' lang='grc'><strong>181</strong></span> <span class='ocrx_word' id='word_1_66' title='bbox 934 1992 1001 2052; x_wconf 87' lang='lat' dir='ltr'>sqq.</span> <span class='ocrx_word' id='word_1_67' title='bbox 1019 1991 1067 2050; x_wconf 86' lang='lat' dir='ltr'><strong>ep.</strong></span> <span class='ocrx_word' id='word_1_68' title='bbox 1092 1972 1157 2035; x_wconf 89' lang='lat' dir='ltr'>VIII</span> <span class='ocrx_word' id='word_1_69' title='bbox 1176 1971 1225 2052; x_wconf 93' lang='grc'><strong>11,</strong></span> <span class='ocrx_word' id='word_1_70' title='bbox 1245 1971 1281 2034; x_wconf 93' lang='grc'><strong>17</strong></span> <span class='ocrx_word' id='word_1_71' title='bbox 1299 1989 1364 2050; x_wconf 85' lang='lat' dir='ltr'><strong>sqq.</strong></span> 
     </span>
     <span class='ocr_line' id='line_1_10' title="bbox 417 2074 653 2159; baseline 0.004 -20"><span class='ocrx_word' id='word_1_72' title='bbox 417 2078 456 2140; x_wconf 93' lang='lat' dir='ltr'><strong>de</strong></span> <span class='ocrx_word' id='word_1_73' title='bbox 480 2075 616 2155; x_wconf 88' lang='lat' dir='ltr'><strong>Orpheo.</strong></span> <span class='ocrx_word' id='word_1_74' title='bbox 632 2074 653 2159; x_wconf 88' lang='lat'><strong>¹)</strong></span> 
     </span>
    </p>

    <p class='ocr_par' dir='ltr' id='par_1_9' title="bbox 329 2180 1369 2365">
     <span class='ocr_line' id='line_1_11' title="bbox 329 2180 1369 2263; baseline -0.004 -17"><span class='ocrx_word' id='word_1_75' title='bbox 329 2185 359 2263; x_wconf 90' lang='grc'>2,</span> <span class='ocrx_word' id='word_1_76' title='bbox 387 2182 448 2246; x_wconf 91' lang='grc'><strong>156</strong></span> <span class='ocrx_word' id='word_1_77' title='bbox 472 2201 539 2262; x_wconf 87' lang='lat' dir='ltr'>sqq.</span> <span class='ocrx_word' id='word_1_78' title='bbox 568 2180 616 2260; x_wconf 92' lang='grc'><strong>15,</strong></span> <span class='ocrx_word' id='word_1_79' title='bbox 642 2181 683 2244; x_wconf 91' lang='grc'><strong>12</strong></span> <span class='ocrx_word' id='word_1_80' title='bbox 707 2200 775 2262; x_wconf 85' lang='lat' dir='ltr'><strong>sqq.</strong></span> <span class='ocrx_word' id='word_1_81' title='bbox 800 2181 852 2261; x_wconf 88' lang='grc'>23,</span> <span class='ocrx_word' id='word_1_82' title='bbox 878 2180 938 2244; x_wconf 90' lang='grc'><strong>101</strong></span> <span class='ocrx_word' id='word_1_83' title='bbox 957 2200 1025 2262; x_wconf 90' lang='lat' dir='ltr'><strong>sqq.</strong></span> <span class='ocrx_word' id='word_1_84' title='bbox 1042 2181 1081 2243; x_wconf 88' lang='lat' dir='ltr'><strong>de</strong></span> <span class='ocrx_word' id='word_1_85' title='bbox 1104 2188 1227 2259; x_wconf 87' lang='lat' dir='ltr'><strong>septem</strong></span> <span class='ocrx_word' id='word_1_86' title='bbox 1243 2181 1369 2258; x_wconf 88' lang='lat' dir='ltr'><strong>sapien-</strong></span> 
     </span>
     <span class='ocr_line' id='line_1_12' title="bbox 418 2281 724 2365; baseline 0.003 -19"><span class='ocrx_word' id='word_1_87' title='bbox 418 2284 503 2346; x_wconf 87' lang='lat' dir='ltr'><strong>tibus</strong></span> <span class='ocrx_word' id='word_1_88' title='bbox 526 2284 689 2347; x_wconf 86' lang='lat' dir='ltr'><strong>Graeciae.</strong></span> <span class='ocrx_word' id='word_1_89' title='bbox 700 2281 724 2365; x_wconf 85' lang='lat'><strong>²)</strong></span> 
     </span>
    </p>

    <p class='ocr_par' dir='ltr' id='par_1_10' title="bbox 332 2389 1367 2574">
     <span class='ocr_line' id='line_1_13' title="bbox 332 2389 1367 2473; baseline -0.002 -21"><span class='ocrx_word' id='word_1_90' title='bbox 332 2391 361 2468; x_wconf 90' lang='grc'><strong>2,</strong></span> <span class='ocrx_word' id='word_1_91' title='bbox 398 2390 457 2453; x_wconf 92' lang='grc'><strong>182</strong></span> <span class='ocrx_word' id='word_1_92' title='bbox 481 2409 549 2471; x_wconf 90' lang='lat' dir='ltr'><strong>sqq.</strong></span> <span class='ocrx_word' id='word_1_93' title='bbox 582 2391 612 2469; x_wconf 84' lang='lat'><strong>9,</strong></span> <span class='ocrx_word' id='word_1_94' title='bbox 644 2389 708 2454; x_wconf 89' lang='grc'><strong>210</strong></span> <span class='ocrx_word' id='word_1_95' title='bbox 732 2410 801 2471; x_wconf 89' lang='lat' dir='ltr'><strong>sqq.</strong></span> <span class='ocrx_word' id='word_1_96' title='bbox 834 2392 884 2471; x_wconf 79' lang='grc'>23,</span> <span class='ocrx_word' id='word_1_97' title='bbox 914 2391 974 2454; x_wconf 92' lang='grc'><strong>115</strong></span> <span class='ocrx_word' id='word_1_98' title='bbox 998 2411 1066 2473; x_wconf 89' lang='lat' dir='ltr'><strong>sqq.</strong></span> <span class='ocrx_word' id='word_1_99' title='bbox 1095 2390 1134 2454; x_wconf 91' lang='lat' dir='ltr'><strong>de</strong></span> <span class='ocrx_word' id='word_1_100' title='bbox 1162 2390 1367 2470; x_wconf 76' lang='lat' dir='ltr'><strong>scriptoribus</strong></span> 
     </span>
     <span class='ocr_line' id='line_1_14' title="bbox 419 2495 1001 2574; baseline 0.003 -18"><span class='ocrx_word' id='word_1_101' title='bbox 419 2495 585 2574; x_wconf 90' lang='lat' dir='ltr'><strong>poetisque</strong></span> <span class='ocrx_word' id='word_1_102' title='bbox 608 2495 829 2557; x_wconf 87' lang='lat' dir='ltr'><strong>Romanorum</strong></span> <span class='ocrx_word' id='word_1_103' title='bbox 852 2497 1001 2560; x_wconf 83' lang='lat' dir='ltr'><strong>maxime.</strong></span> 
     </span>
    </p>

    <p class='ocr_par' dir='ltr' id='par_1_11' title="bbox 332 2598 1369 2784">
     <span class='ocr_line' id='line_1_15' title="bbox 332 2598 1369 2681; baseline 0.001 -20"><span class='ocrx_word' id='word_1_104' title='bbox 332 2600 362 2678; x_wconf 88' lang='grc'><strong>2,</strong></span> <span class='ocrx_word' id='word_1_105' title='bbox 387 2598 543 2663; x_wconf 76' lang='lat' dir='ltr'><strong>ooo-231.</strong></span> <span class='ocrx_word' id='word_1_106' title='bbox 568 2600 598 2677; x_wconf 87' lang='grc'><strong>9,</strong></span> <span class='ocrx_word' id='word_1_107' title='bbox 623 2598 685 2662; x_wconf 90' lang='grc'><strong>251</strong></span> <span class='ocrx_word' id='word_1_108' title='bbox 711 2619 778 2680; x_wconf 88' lang='lat' dir='ltr'><strong>sqq.</strong></span> <span class='ocrx_word' id='word_1_109' title='bbox 804 2600 856 2678; x_wconf 89' lang='grc'><strong>23,</strong></span> <span class='ocrx_word' id='word_1_110' title='bbox 884 2598 923 2662; x_wconf 92' lang='grc'><strong>18</strong></span> <span class='ocrx_word' id='word_1_111' title='bbox 947 2620 993 2681; x_wconf 91' lang='lat' dir='ltr'><strong>sq.</strong></span> <span class='ocrx_word' id='word_1_112' title='bbox 1018 2600 1056 2663; x_wconf 89' lang='lat' dir='ltr'><strong>de</strong></span> <span class='ocrx_word' id='word_1_113' title='bbox 1086 2600 1188 2664; x_wconf 89' lang='lat' dir='ltr'><strong>Mario</strong></span> <span class='ocrx_word' id='word_1_114' title='bbox 1217 2600 1369 2680; x_wconf 82' lang='lat' dir='ltr'><strong>bellisque</strong></span> 
     </span>
     <span class='ocr_line' id='line_1_16' title="bbox 418 2701 1008 2784; baseline 0.005 -18"><span class='ocrx_word' id='word_1_115' title='bbox 418 2724 492 2767; x_wconf 89' lang='lat' dir='ltr'><strong>oum</strong></span> <span class='ocrx_word' id='word_1_116' title='bbox 516 2701 652 2766; x_wconf 85' lang='lat' dir='ltr'><strong>Cimbris</strong></span> <span class='ocrx_word' id='word_1_117' title='bbox 675 2712 707 2768; x_wconf 88' lang='lat' dir='ltr'><strong>et</strong></span> <span class='ocrx_word' id='word_1_118' title='bbox 728 2703 880 2783; x_wconf 76' lang='lat' dir='ltr'><strong>Iugurtha</strong></span> <span class='ocrx_word' id='word_1_119' title='bbox 902 2706 1008 2784; x_wconf 82' lang='lat' dir='ltr'><strong>gestis,</strong></span> 
     </span>
    </p>

    <p class='ocr_par' dir='ltr' id='par_1_12' title="bbox 330 2791 1145 2891">
     <span class='ocr_line' id='line_1_17' title="bbox 330 2791 1145 2891; baseline 0 -18"><span class='ocrx_word' id='word_1_120' title='bbox 330 2811 360 2888; x_wconf 81' lang='lat'><strong>2,</strong></span> <span class='ocrx_word' id='word_1_121' title='bbox 385 2809 539 2873; x_wconf 80' lang='lat' dir='ltr'><strong>sor-309.</strong></span> <span class='ocrx_word' id='word_1_122' title='bbox 565 2809 617 2887; x_wconf 82' lang='lat'><strong>22,</strong></span> <span class='ocrx_word' id='word_1_123' title='bbox 642 2809 682 2872; x_wconf 84' lang='lat' dir='ltr'><strong>er</strong></span> <span class='ocrx_word' id='word_1_124' title='bbox 708 2828 776 2891; x_wconf 80' lang='lat' dir='ltr'><strong>sqq.</strong></span> <span class='ocrx_word' id='word_1_125' title='bbox 801 2809 840 2872; x_wconf 79' lang='lat' dir='ltr'><strong>ae</strong></span> <span class='ocrx_word' id='word_1_126' title='bbox 859 2791 959 2873; x_wconf 69' lang='lat' dir='ltr'><strong>&#39;curru</strong></span> <span class='ocrx_word' id='word_1_127' title='bbox 983 2809 1145 2888; x_wconf 74' lang='lat' dir='ltr'><strong>Aponus.</strong></span> 
     </span>
    </p>

    <p class='ocr_par' dir='ltr' id='par_1_13' title="bbox 328 2912 1250 2996">
     <span class='ocr_line' id='line_1_18' title="bbox 328 2912 1250 2996; baseline -0.004 -18"><span class='ocrx_word' id='word_1_128' title='bbox 328 2915 359 2991; x_wconf 93' lang='grc'><strong>2,</strong></span> <span class='ocrx_word' id='word_1_129' title='bbox 385 2913 447 2978; x_wconf 91' lang='grc'><strong>387</strong></span> <span class='ocrx_word' id='word_1_130' title='bbox 472 2934 540 2996; x_wconf 89' lang='lat' dir='ltr'><strong>sqq.</strong></span> <span class='ocrx_word' id='word_1_131' title='bbox 565 2914 595 2991; x_wconf 92' lang='grc'><strong>5,</strong></span> <span class='ocrx_word' id='word_1_132' title='bbox 622 2912 661 2976; x_wconf 89' lang='grc'><strong>13</strong></span> <span class='ocrx_word' id='word_1_133' title='bbox 685 2932 753 2994; x_wconf 90' lang='lat' dir='ltr'><strong>sqq.</strong></span> <span class='ocrx_word' id='word_1_134' title='bbox 779 2915 808 2992; x_wconf 82' lang='lat'><strong>7,</strong></span> <span class='ocrx_word' id='word_1_135' title='bbox 833 2914 875 2977; x_wconf 90' lang='grc'><strong>15</strong></span> <span class='ocrx_word' id='word_1_136' title='bbox 899 2934 967 2996; x_wconf 90' lang='lat' dir='ltr'><strong>sqq.</strong></span> <span class='ocrx_word' id='word_1_137' title='bbox 992 2914 1031 2977; x_wconf 89' lang='lat' dir='ltr'><strong>de</strong></span> <span class='ocrx_word' id='word_1_138' title='bbox 1055 2916 1159 2977; x_wconf 85' lang='lat' dir='ltr'><strong>Roma</strong></span> <span class='ocrx_word' id='word_1_139' title='bbox 1181 2914 1250 2977; x_wconf 89' lang='lat' dir='ltr'><strong>dea.</strong></span> 
     </span>
    </p>

    <p class='ocr_par' dir='ltr' id='par_1_14' title="bbox 329 3016 1369 3099">
     <span class='ocr_line' id='line_1_19' title="bbox 329 3016 1369 3099; baseline -0.003 -17"><span class='ocrx_word' id='word_1_140' title='bbox 329 3020 359 3098; x_wconf 89' lang='grc'><strong>2,</strong></span> <span class='ocrx_word' id='word_1_141' title='bbox 384 3018 448 3082; x_wconf 89' lang='grc'><strong>151</strong></span> <span class='ocrx_word' id='word_1_142' title='bbox 465 3038 533 3099; x_wconf 89' lang='lat' dir='ltr'><strong>sqq.</strong></span> <span class='ocrx_word' id='word_1_143' title='bbox 551 3020 580 3098; x_wconf 82' lang='lat'><strong>7,</strong></span> <span class='ocrx_word' id='word_1_144' title='bbox 598 3019 639 3082; x_wconf 82' lang='lat'><strong>98</strong></span> <span class='ocrx_word' id='word_1_145' title='bbox 657 3038 724 3098; x_wconf 88' lang='lat' dir='ltr'><strong>sqq.</strong></span> <span class='ocrx_word' id='word_1_146' title='bbox 742 3017 780 3080; x_wconf 88' lang='lat' dir='ltr'><strong>de</strong></span> <span class='ocrx_word' id='word_1_147' title='bbox 797 3016 904 3081; x_wconf 83' lang='lat' dir='ltr'><strong>Crassi</strong></span> <span class='ocrx_word' id='word_1_148' title='bbox 919 3019 953 3081; x_wconf 91' lang='lat' dir='ltr'><strong>in</strong></span> <span class='ocrx_word' id='word_1_149' title='bbox 968 3018 1050 3081; x_wconf 92' lang='lat' dir='ltr'><strong>bello</strong></span> <span class='ocrx_word' id='word_1_150' title='bbox 1068 3019 1216 3081; x_wconf 83' lang='lat' dir='ltr'><strong>Parthico</strong></span> <span class='ocrx_word' id='word_1_151' title='bbox 1232 3018 1369 3080; x_wconf 87' lang='lat' dir='ltr'><strong>interitu.</strong></span> 
     </span>
    </p>

    <p class='ocr_par' dir='ltr' id='par_1_15' title="bbox 330 3120 1372 3290">
     <span class='ocr_line' id='line_1_20' title="bbox 330 3120 1372 3204; baseline -0.001 -18"><span class='ocrx_word' id='word_1_152' title='bbox 330 3125 360 3203; x_wconf 93' lang='grc'><strong>2,</strong></span> <span class='ocrx_word' id='word_1_153' title='bbox 385 3123 449 3187; x_wconf 90' lang='grc'><strong>193</strong></span> <span class='ocrx_word' id='word_1_154' title='bbox 472 3142 541 3203; x_wconf 88' lang='lat' dir='ltr'><strong>sqq.</strong></span> <span class='ocrx_word' id='word_1_155' title='bbox 566 3121 597 3202; x_wconf 87' lang='grc'><strong>5,</strong></span> <span class='ocrx_word' id='word_1_156' title='bbox 624 3120 685 3186; x_wconf 87' lang='grc'><strong>132</strong></span> <span class='ocrx_word' id='word_1_157' title='bbox 709 3142 776 3203; x_wconf 89' lang='lat' dir='ltr'><strong>sqq.</strong></span> <span class='ocrx_word' id='word_1_158' title='bbox 802 3124 832 3202; x_wconf 91' lang='grc'><strong>9,</strong></span> <span class='ocrx_word' id='word_1_159' title='bbox 849 3123 891 3186; x_wconf 89' lang='grc'><strong>61</strong></span> <span class='ocrx_word' id='word_1_160' title='bbox 907 3143 953 3204; x_wconf 87' lang='lat' dir='ltr'><strong>sq.</strong></span> <span class='ocrx_word' id='word_1_161' title='bbox 971 3124 1022 3204; x_wconf 90' lang='grc'>23,</span> <span class='ocrx_word' id='word_1_162' title='bbox 1040 3124 1103 3187; x_wconf 91' lang='grc'><strong>272</strong></span> <span class='ocrx_word' id='word_1_163' title='bbox 1120 3143 1187 3204; x_wconf 87' lang='lat' dir='ltr'><strong>sqq.</strong></span> <span class='ocrx_word' id='word_1_164' title='bbox 1205 3124 1244 3185; x_wconf 90' lang='lat' dir='ltr'><strong>de</strong></span> <span class='ocrx_word' id='word_1_165' title='bbox 1260 3122 1372 3185; x_wconf 88' lang='lat' dir='ltr'><strong>Medea</strong></span> 
     </span>
     <span class='ocr_line' id='line_1_21' title="bbox 416 3227 591 3290; baseline 0.006 -1"><span class='ocrx_word' id='word_1_166' title='bbox 416 3234 448 3289; x_wconf 84' lang='lat' dir='ltr'><strong>et</strong></span> <span class='ocrx_word' id='word_1_167' title='bbox 470 3227 591 3290; x_wconf 84' lang='lat' dir='ltr'><strong>Iasone.</strong></span> 
     </span>
    </p>

    <p class='ocr_par' dir='ltr' id='par_1_16' title="bbox 330 3330 1253 3412">
     <span class='ocr_line' id='line_1_22' title="bbox 330 3330 1253 3412; baseline 0 -18"><span class='ocrx_word' id='word_1_168' title='bbox 330 3333 360 3410; x_wconf 92' lang='grc'>2,</span> <span class='ocrx_word' id='word_1_169' title='bbox 385 3331 458 3394; x_wconf 92' lang='grc'><strong>526.</strong></span> <span class='ocrx_word' id='word_1_170' title='bbox 484 3331 558 3410; x_wconf 91' lang='grc'><strong>5,80</strong></span> <span class='ocrx_word' id='word_1_171' title='bbox 582 3351 650 3412; x_wconf 91' lang='lat' dir='ltr'><strong>sqq.</strong></span> <span class='ocrx_word' id='word_1_172' title='bbox 676 3333 705 3410; x_wconf 92' lang='grc'>7,</span> <span class='ocrx_word' id='word_1_173' title='bbox 731 3331 772 3395; x_wconf 89' lang='grc'><strong>68</strong></span> <span class='ocrx_word' id='word_1_174' title='bbox 797 3330 836 3393; x_wconf 90' lang='lat' dir='ltr'><strong>de</strong></span> <span class='ocrx_word' id='word_1_175' title='bbox 860 3331 1040 3395; x_wconf 86' lang='lat' dir='ltr'><strong>Senonibus</strong></span> <span class='ocrx_word' id='word_1_176' title='bbox 1063 3339 1094 3394; x_wconf 88' lang='lat' dir='ltr'><strong>et</strong></span> <span class='ocrx_word' id='word_1_177' title='bbox 1117 3331 1253 3394; x_wconf 71' lang='lat' dir='ltr'><strong>brenno</strong></span> 
     </span>
    </p>

    <p class='ocr_par' dir='ltr' id='par_1_17' title="bbox 328 3434 1370 3620">
     <span class='ocr_line' id='line_1_23' title="bbox 328 3434 1370 3516; baseline -0.001 -16"><span class='ocrx_word' id='word_1_178' title='bbox 328 3438 359 3516; x_wconf 91' lang='grc'>2,</span> <span class='ocrx_word' id='word_1_179' title='bbox 383 3434 456 3500; x_wconf 89' lang='grc'><strong>531.</strong></span> <span class='ocrx_word' id='word_1_180' title='bbox 481 3436 511 3511; x_wconf 88' lang='grc'><strong>5,</strong></span> <span class='ocrx_word' id='word_1_181' title='bbox 536 3436 578 3499; x_wconf 95' lang='grc'><strong>86</strong></span> <span class='ocrx_word' id='word_1_182' title='bbox 601 3456 647 3516; x_wconf 92' lang='lat' dir='ltr'><strong>sq.</strong></span> <span class='ocrx_word' id='word_1_183' title='bbox 672 3436 736 3499; x_wconf 90' lang='grc'><strong>312</strong></span> <span class='ocrx_word' id='word_1_184' title='bbox 760 3455 805 3515; x_wconf 89' lang='lat' dir='ltr'><strong>sq.</strong></span> <span class='ocrx_word' id='word_1_185' title='bbox 832 3438 860 3508; x_wconf 81' lang='grc'>7,</span> <span class='ocrx_word' id='word_1_186' title='bbox 888 3436 958 3500; x_wconf 89' lang='grc'><strong>130.</strong></span> <span class='ocrx_word' id='word_1_187' title='bbox 976 3437 1039 3500; x_wconf 90' lang='grc'><strong>552</strong></span> <span class='ocrx_word' id='word_1_188' title='bbox 1056 3456 1124 3516; x_wconf 92' lang='lat' dir='ltr'><strong>sqq.</strong></span> <span class='ocrx_word' id='word_1_189' title='bbox 1141 3436 1180 3498; x_wconf 91' lang='lat' dir='ltr'><strong>de</strong></span> <span class='ocrx_word' id='word_1_190' title='bbox 1192 3435 1370 3499; x_wconf 90' lang='lat' dir='ltr'><strong>Hannibale</strong></span> 
     </span>
     <span class='ocr_line' id='line_1_24' title="bbox 414 3537 793 3620; baseline 0.003 -18"><span class='ocrx_word' id='word_1_191' title='bbox 414 3538 598 3620; x_wconf 88' lang='lat' dir='ltr'><strong>proelioque</strong></span> <span class='ocrx_word' id='word_1_192' title='bbox 623 3537 793 3603; x_wconf 88' lang='lat' dir='ltr'><strong>Cannensi.</strong></span> 
     </span>
    </p>

    <p class='ocr_par' dir='ltr' id='par_1_18' title="bbox 332 3643 1370 3811">
     <span class='ocr_line' id='line_1_25' title="bbox 332 3643 1370 3725; baseline -0.001 -19"><span class='ocrx_word' id='word_1_193' title='bbox 332 3643 362 3724; x_wconf 90' lang='grc'>5,</span> <span class='ocrx_word' id='word_1_194' title='bbox 387 3643 429 3708; x_wconf 88' lang='grc'><strong>66</strong></span> <span class='ocrx_word' id='word_1_195' title='bbox 453 3664 522 3725; x_wconf 88' lang='lat' dir='ltr'><strong>sqq.</strong></span> <span class='ocrx_word' id='word_1_196' title='bbox 547 3645 576 3724; x_wconf 92' lang='grc'>7,</span> <span class='ocrx_word' id='word_1_197' title='bbox 593 3643 645 3708; x_wconf 90' lang='grc'><strong>65.</strong></span> <span class='ocrx_word' id='word_1_198' title='bbox 662 3643 715 3723; x_wconf 94' lang='grc'>23,</span> <span class='ocrx_word' id='word_1_199' title='bbox 732 3644 773 3708; x_wconf 93' lang='grc'><strong>80</strong></span> <span class='ocrx_word' id='word_1_200' title='bbox 790 3664 837 3724; x_wconf 91' lang='lat' dir='ltr'><strong>sq.</strong></span> <span class='ocrx_word' id='word_1_201' title='bbox 851 3643 890 3706; x_wconf 92' lang='lat' dir='ltr'><strong>de</strong></span> <span class='ocrx_word' id='word_1_202' title='bbox 902 3643 1008 3708; x_wconf 82' lang='lat' dir='ltr'><strong>Maelo</strong></span> <span class='ocrx_word' id='word_1_203' title='bbox 1020 3643 1177 3708; x_wconf 86' lang='lat' dir='ltr'><strong>Scaevola</strong></span> <span class='ocrx_word' id='word_1_204' title='bbox 1193 3652 1224 3707; x_wconf 90' lang='lat' dir='ltr'><strong>et</strong></span> <span class='ocrx_word' id='word_1_205' title='bbox 1239 3643 1370 3706; x_wconf 87' lang='lat' dir='ltr'><strong>Horatio</strong></span> 
     </span>
     <span class='ocr_line' id='line_1_26' title="bbox 415 3745 545 3811; baseline -0.008 -1"><span class='ocrx_word' id='word_1_206' title='bbox 415 3745 545 3811; x_wconf 79' lang='lat' dir='ltr'><strong>Coclite.</strong></span> 
     </span>
    </p>

    <p class='ocr_par' dir='ltr' id='par_1_19' title="bbox 328 3849 1370 4033">
     <span class='ocr_line' id='line_1_27' title="bbox 328 3849 1370 3935; baseline 0.004 -22"><span class='ocrx_word' id='word_1_207' title='bbox 328 3849 359 3930; x_wconf 89' lang='grc'>5,</span> <span class='ocrx_word' id='word_1_208' title='bbox 383 3851 448 3915; x_wconf 90' lang='grc'><strong>320</strong></span> <span class='ocrx_word' id='word_1_209' title='bbox 471 3871 539 3933; x_wconf 91' lang='lat' dir='ltr'><strong>sqq.</strong></span> <span class='ocrx_word' id='word_1_210' title='bbox 564 3855 594 3933; x_wconf 94' lang='grc'>7,</span> <span class='ocrx_word' id='word_1_211' title='bbox 621 3852 682 3918; x_wconf 90' lang='grc'><strong>102</strong></span> <span class='ocrx_word' id='word_1_212' title='bbox 706 3873 774 3935; x_wconf 88' lang='lat' dir='ltr'><strong>sqq.</strong></span> <span class='ocrx_word' id='word_1_213' title='bbox 792 3854 831 3918; x_wconf 91' lang='lat' dir='ltr'><strong>de</strong></span> <span class='ocrx_word' id='word_1_214' title='bbox 847 3855 1068 3918; x_wconf 89' lang='lat' dir='ltr'><strong>Romanorum</strong></span> <span class='ocrx_word' id='word_1_215' title='bbox 1083 3855 1156 3918; x_wconf 91' lang='lat' dir='ltr'><strong>inde</strong></span> <span class='ocrx_word' id='word_1_216' title='bbox 1169 3854 1210 3917; x_wconf 94' lang='lat' dir='ltr'><strong>ab</strong></span> <span class='ocrx_word' id='word_1_217' title='bbox 1225 3855 1370 3934; x_wconf 85' lang='lat' dir='ltr'><strong>Augusto</strong></span> 
     </span>
     <span class='ocr_line' id='line_1_28' title="bbox 415 3954 671 4033; baseline 0.02 -17"><span class='ocrx_word' id='word_1_218' title='bbox 415 3954 671 4033; x_wconf 81' lang='lat' dir='ltr'><strong>imperatoribus.</strong></span> 
     </span>
    </p>

    <p class='ocr_par' dir='ltr' id='par_1_20' title="bbox 324 4043 1236 4142">
     <span class='ocr_line' id='line_1_29' title="bbox 324 4043 1236 4142; baseline 0.003 -20"><span class='ocrx_word' id='word_1_219' title='bbox 324 4058 358 4138; x_wconf 83' lang='lat'><strong>5,</strong></span> <span class='ocrx_word' id='word_1_220' title='bbox 383 4058 448 4123; x_wconf 91' lang='grc'><strong>156</strong></span> <span class='ocrx_word' id='word_1_221' title='bbox 470 4078 540 4140; x_wconf 87' lang='lat' dir='ltr'><strong>sqq.</strong></span> <span class='ocrx_word' id='word_1_222' title='bbox 565 4061 594 4138; x_wconf 94' lang='grc'>7,</span> <span class='ocrx_word' id='word_1_223' title='bbox 619 4061 661 4124; x_wconf 93' lang='grc'><strong>92</strong></span> <span class='ocrx_word' id='word_1_224' title='bbox 685 4081 753 4142; x_wconf 90' lang='lat' dir='ltr'><strong>sqq.</strong></span> <span class='ocrx_word' id='word_1_225' title='bbox 778 4061 817 4124; x_wconf 91' lang='lat' dir='ltr'><strong>de</strong></span> <span class='ocrx_word' id='word_1_226' title='bbox 840 4059 980 4125; x_wconf 86' lang='lat' dir='ltr'><strong>Antonio</strong></span> <span class='ocrx_word' id='word_1_227' title='bbox 1004 4069 1035 4124; x_wconf 89' lang='lat' dir='ltr'><strong>et</strong></span> <span class='ocrx_word' id='word_1_228' title='bbox 1058 4043 1236 4141; x_wconf 78' lang='lat' dir='ltr'><strong>Cleopatra.</strong></span> 
     </span>
    </p>
   </div>
   <div class='ocr_carea' id='block_1_5' title="bbox 329 4280 1098 4353">
    <p class='ocr_par' dir='ltr' id='par_1_21' title="bbox 329 4280 1098 4353">
     <span class='ocr_line' id='line_1_30' title="bbox 329 4280 1098 4353; baseline 0.001 -17"><span class='ocrx_word' id='word_1_229' title='bbox 329 4281 348 4350; x_wconf 88' lang='lat'><strong>¹)</strong></span> <span class='ocrx_word' id='word_1_230' title='bbox 368 4280 407 4336; x_wconf 92' lang='lat' dir='ltr'><strong>Cf.</strong></span> <span class='ocrx_word' id='word_1_231' title='bbox 428 4282 521 4337; x_wconf 90' lang='lat' dir='ltr'><strong>Claud.</strong></span> <span class='ocrx_word' id='word_1_232' title='bbox 542 4298 626 4337; x_wconf 86' lang='lat' dir='ltr'><strong>earm.</strong></span> <span class='ocrx_word' id='word_1_233' title='bbox 645 4281 754 4336; x_wconf 91' lang='lat' dir='ltr'>XXXIV</span> <span class='ocrx_word' id='word_1_234' title='bbox 774 4283 807 4335; x_wconf 88' lang='lat'><strong>15</strong></span> <span class='ocrx_word' id='word_1_235' title='bbox 826 4300 883 4352; x_wconf 91' lang='lat' dir='ltr'><strong>sqq.</strong></span> <span class='ocrx_word' id='word_1_236' title='bbox 904 4283 925 4353; x_wconf 75' lang='lat'><strong>²)</strong></span> <span class='ocrx_word' id='word_1_237' title='bbox 944 4283 984 4337; x_wconf 88' lang='lat' dir='ltr'><strong>Cf.</strong></span> <span class='ocrx_word' id='word_1_238' title='bbox 1004 4283 1098 4338; x_wconf 86' lang='lat' dir='ltr'><strong>Claud.</strong></span> 
     </span>
    </p>
   </div>
   <div class='ocr_carea' id='block_1_6' title="bbox 0 0 1620 5248">
    <p class='ocr_par' dir='ltr' id='par_1_22' title="bbox 0 0 1620 5248">
     <span class='ocr_line' id='line_1_31' title="bbox 0 0 1620 5248; baseline 0 0"><span class='ocrx_word' id='word_1_239' title='bbox 0 0 1620 5248; x_wconf 95' lang='lat' dir='ltr'><strong> </strong></span> 
     </span>
    </p>
   </div>
  </div>
 </body>
</html>
