<?xml version="1.0" encoding="UTF-8"?>
<!DOCTYPE html PUBLIC "-//W3C//DTD XHTML 1.0 Transitional//EN"
    "http://www.w3.org/TR/xhtml1/DTD/xhtml1-transitional.dtd">
<html xmlns="http://www.w3.org/1999/xhtml" xml:lang="en" lang="en">
 <head>
  <title>
</title>
<meta http-equiv="Content-Type" content="text/html;charset=utf-8" />
  <meta name='ocr-system' content='tesseract 3.04.00' />
  <meta name='ocr-capabilities' content='ocr_page ocr_carea ocr_par ocr_line ocrx_word'/>
</head>
<body>
  <div class='ocr_page' id='page_1' title='image "./decsolliiapolli00bitsgoog_0025.png"; bbox 0 0 3232 5248; ppageno 0'>
   <div class='ocr_carea' id='block_1_1' title="bbox 361 763 1390 4205">
    <p class='ocr_par' dir='ltr' id='par_1_1' title="bbox 361 763 1210 846">
     <span class='ocr_line' id='line_1_1' title="bbox 361 763 1210 846; baseline 0 -19"><span class='ocrx_word' id='word_1_1' title='bbox 361 763 449 827; x_wconf 86' lang='lat' dir='ltr'>Colla</span> <span class='ocrx_word' id='word_1_2' title='bbox 471 763 548 828; x_wconf 92' lang='lat' dir='ltr'>toris</span> <span class='ocrx_word' id='word_1_3' title='bbox 572 764 686 827; x_wconf 87' lang='lat' dir='ltr'>crinita</span> <span class='ocrx_word' id='word_1_4' title='bbox 709 771 843 844; x_wconf 87' lang='lat' dir='ltr'>tument,</span> <span class='ocrx_word' id='word_1_5' title='bbox 868 772 1053 846; x_wconf 89' lang='lat' dir='ltr'>stantesque</span> <span class='ocrx_word' id='word_1_6' title='bbox 1076 765 1210 844; x_wconf 74' lang='lat' dir='ltr'>repectit</span> 
     </span>
    </p>

    <p class='ocr_par' dir='ltr' id='par_1_2' title="bbox 362 869 1262 949">
     <span class='ocr_line' id='line_1_2' title="bbox 362 869 1262 949; baseline 0.001 -17"><span class='ocrx_word' id='word_1_7' title='bbox 362 870 451 932; x_wconf 85' lang='lat' dir='ltr'>Aura</span> <span class='ocrx_word' id='word_1_8' title='bbox 473 869 576 949; x_wconf 85' lang='lat' dir='ltr'>iubas,</span> <span class='ocrx_word' id='word_1_9' title='bbox 600 869 681 932; x_wconf 82' lang='lat' dir='ltr'>bibit</span> <span class='ocrx_word' id='word_1_10' title='bbox 703 869 848 932; x_wconf 83' lang='lat' dir='ltr'>albentes</span> <span class='ocrx_word' id='word_1_11' title='bbox 871 869 991 932; x_wconf 92' lang='lat' dir='ltr'>humus</span> <span class='ocrx_word' id='word_1_12' title='bbox 1013 869 1103 933; x_wconf 90' lang='lat' dir='ltr'>arida</span> <span class='ocrx_word' id='word_1_13' title='bbox 1125 869 1262 935; x_wconf 81' lang='lat' dir='ltr'>nimbos</span> 
     </span>
    </p>

    <p class='ocr_par' dir='ltr' id='par_1_3' title="bbox 362 974 1360 1056">
     <span class='ocr_line' id='line_1_3' title="bbox 362 974 1360 1056; baseline -0.005 -20"><span class='ocrx_word' id='word_1_14' title='bbox 362 978 411 1038; x_wconf 82' lang='lat' dir='ltr'>Fit</span> <span class='ocrx_word' id='word_1_15' title='bbox 434 993 533 1037; x_wconf 87' lang='lat' dir='ltr'>sonus</span> <span class='ocrx_word' id='word_1_16' title='bbox 555 974 768 1055; x_wconf 90' lang='lat' dir='ltr'>immanisque</span> <span class='ocrx_word' id='word_1_17' title='bbox 791 974 908 1053; x_wconf 90' lang='lat' dir='ltr'>pedum</span> <span class='ocrx_word' id='word_1_18' title='bbox 930 975 1099 1056; x_wconf 82' lang='lat' dir='ltr'>tenuisque</span> <span class='ocrx_word' id='word_1_19' title='bbox 1121 982 1274 1038; x_wconf 85' lang='lat' dir='ltr'>rotarum.</span> <span class='ocrx_word' id='word_1_20' title='bbox 1320 993 1360 1032; x_wconf 77' lang='lat' dir='ltr'>oo</span> 
     </span>
    </p>

    <p class='ocr_par' dir='ltr' id='par_1_4' title="bbox 361 1077 1147 1162">
     <span class='ocr_line' id='line_1_4' title="bbox 361 1077 1147 1162; baseline -0.001 -19"><span class='ocrx_word' id='word_1_21' title='bbox 361 1078 456 1143; x_wconf 90' lang='lat' dir='ltr'>Nulla</span> <span class='ocrx_word' id='word_1_22' title='bbox 478 1102 584 1142; x_wconf 76' lang='lat' dir='ltr'>ruerus</span> <span class='ocrx_word' id='word_1_23' title='bbox 607 1080 741 1161; x_wconf 66' lang='lat' dir='ltr'>requies</span> <span class='ocrx_word' id='word_1_24' title='bbox 758 1077 779 1162; x_wconf 83' lang='lat'>¹)</span> <span class='ocrx_word' id='word_1_25' title='bbox 802 1080 910 1144; x_wconf 87' lang='lat' dir='ltr'>densis</span> <span class='ocrx_word' id='word_1_26' title='bbox 932 1079 1072 1144; x_wconf 80' lang='lat' dir='ltr'>insibilat</span> <span class='ocrx_word' id='word_1_27' title='bbox 1095 1103 1147 1142; x_wconf 82' lang='lat' dir='ltr'>aer</span> 
     </span>
    </p>

    <p class='ocr_par' dir='ltr' id='par_1_5' title="bbox 363 1184 1147 1265">
     <span class='ocr_line' id='line_1_5' title="bbox 363 1184 1147 1265; baseline 0 -19"><span class='ocrx_word' id='word_1_28' title='bbox 363 1188 549 1259; x_wconf 79' lang='lat' dir='ltr'>Verberibrrs;</span> <span class='ocrx_word' id='word_1_29' title='bbox 572 1184 674 1265; x_wconf 89' lang='lat' dir='ltr'>gelida</span> <span class='ocrx_word' id='word_1_30' title='bbox 696 1204 761 1248; x_wconf 94' lang='lat' dir='ltr'>non</span> <span class='ocrx_word' id='word_1_31' title='bbox 784 1185 926 1248; x_wconf 81' lang='lat' dir='ltr'>crebrior</span> <span class='ocrx_word' id='word_1_32' title='bbox 948 1184 1035 1248; x_wconf 85' lang='lat' dir='ltr'>exilit</span> <span class='ocrx_word' id='word_1_33' title='bbox 1057 1191 1147 1248; x_wconf 93' lang='lat' dir='ltr'>arcto</span> 
     </span>
    </p>

    <p class='ocr_par' dir='ltr' id='par_1_6' title="bbox 363 1288 1281 1461">
     <span class='ocr_line' id='line_1_6' title="bbox 363 1288 1281 1368; baseline 0.001 -16"><span class='ocrx_word' id='word_1_34' title='bbox 363 1289 501 1368; x_wconf 84' lang='lat' dir='ltr'>Grand0‚</span> <span class='ocrx_word' id='word_1_35' title='bbox 526 1307 586 1353; x_wconf 91' lang='lat' dir='ltr'>nec</span> <span class='ocrx_word' id='word_1_36' title='bbox 609 1288 728 1353; x_wconf 88' lang='lat' dir='ltr'>Oleniis</span> <span class='ocrx_word' id='word_1_37' title='bbox 751 1297 885 1352; x_wconf 87' lang='lat' dir='ltr'>manant</span> <span class='ocrx_word' id='word_1_38' title='bbox 906 1295 954 1351; x_wconf 92' lang='lat' dir='ltr'>tot</span> <span class='ocrx_word' id='word_1_39' title='bbox 976 1288 1128 1351; x_wconf 89' lang='lat' dir='ltr'>cornibus</span> <span class='ocrx_word' id='word_1_40' title='bbox 1151 1289 1281 1353; x_wconf 80' lang='lat' dir='ltr'>imbres</span> 
     </span>
     <span class='ocr_line' id='line_1_7' title="bbox 783 1406 900 1461; baseline 0.009 -1"><span class='ocrx_word' id='word_1_41' title='bbox 783 1406 900 1461; x_wconf 81' lang='grc'>438448</span> 
     </span>
    </p>

    <p class='ocr_par' dir='ltr' id='par_1_7' title="bbox 426 1497 1112 1580">
     <span class='ocr_line' id='line_1_8' title="bbox 426 1497 1112 1580; baseline 0 -20"><span class='ocrx_word' id='word_1_42' title='bbox 426 1503 515 1561; x_wconf 80' lang='lat' dir='ltr'>Prior</span> <span class='ocrx_word' id='word_1_43' title='bbox 537 1497 757 1577; x_wconf 85' lang='lat' dir='ltr'>Hippodamus</span> <span class='ocrx_word' id='word_1_44' title='bbox 776 1503 836 1577; x_wconf 75' lang='lat' dir='ltr'>sert</span> <span class='ocrx_word' id='word_1_45' title='bbox 858 1517 916 1562; x_wconf 83' lang='lat' dir='ltr'>ora</span> <span class='ocrx_word' id='word_1_46' title='bbox 937 1509 1112 1580; x_wconf 80' lang='lat' dir='ltr'>sequentum,</span> 
     </span>
    </p>

    <p class='ocr_par' dir='ltr' id='par_1_8' title="bbox 365 1602 1256 1685">
     <span class='ocr_line' id='line_1_9' title="bbox 365 1602 1256 1685; baseline 0.003 -19"><span class='ocrx_word' id='word_1_47' title='bbox 365 1604 439 1668; x_wconf 84' lang='lat' dir='ltr'>Fert</span> <span class='ocrx_word' id='word_1_48' title='bbox 461 1603 598 1683; x_wconf 88' lang='lat' dir='ltr'>gemitus</span> <span class='ocrx_word' id='word_1_49' title='bbox 621 1602 787 1685; x_wconf 89' lang='lat' dir='ltr'>multaque</span> <span class='ocrx_word' id='word_1_50' title='bbox 810 1621 940 1667; x_wconf 89' lang='lat' dir='ltr'>umeros</span> <span class='ocrx_word' id='word_1_51' title='bbox 963 1603 1144 1668; x_wconf 84' lang='lat' dir='ltr'>incenditur</span> <span class='ocrx_word' id='word_1_52' title='bbox 1166 1623 1256 1669; x_wconf 85' lang='lat' dir='ltr'>aura.</span> 
     </span>
    </p>

    <p class='ocr_par' dir='ltr' id='par_1_9' title="bbox 366 1708 1362 1788">
     <span class='ocr_line' id='line_1_10' title="bbox 366 1708 1362 1788; baseline -0.005 -16"><span class='ocrx_word' id='word_1_53' title='bbox 366 1708 514 1788; x_wconf 85' lang='lat' dir='ltr'>Speravii</span> <span class='ocrx_word' id='word_1_54' title='bbox 533 1711 626 1785; x_wconf 78' lang='lat' dir='ltr'>flexae</span> <span class='ocrx_word' id='word_1_55' title='bbox 648 1709 770 1771; x_wconf 84' lang='lat' dir='ltr'>circum</span> <span class='ocrx_word' id='word_1_56' title='bbox 792 1713 961 1788; x_wconf 79' lang='lat' dir='ltr'>compendia</span> <span class='ocrx_word' id='word_1_57' title='bbox 983 1718 1073 1770; x_wconf 83' lang='lat' dir='ltr'>metae</span> <span class='ocrx_word' id='word_1_58' title='bbox 1323 1730 1362 1768; x_wconf 76' lang='lat' dir='ltr'>rio</span> 
     </span>
    </p>

    <p class='ocr_par' dir='ltr' id='par_1_10' title="bbox 367 1812 1090 1893">
     <span class='ocr_line' id='line_1_11' title="bbox 367 1812 1090 1893; baseline -0.001 -18"><span class='ocrx_word' id='word_1_59' title='bbox 367 1817 494 1876; x_wconf 79' lang='lat' dir='ltr'>Interius</span> <span class='ocrx_word' id='word_1_60' title='bbox 516 1812 620 1876; x_wconf 82' lang='lat' dir='ltr'>ductis</span> <span class='ocrx_word' id='word_1_61' title='bbox 643 1813 824 1878; x_wconf 81' lang='lat' dir='ltr'>Phoebeius</span> <span class='ocrx_word' id='word_1_62' title='bbox 848 1831 950 1893; x_wconf 84' lang='lat' dir='ltr'>augur</span> <span class='ocrx_word' id='word_1_63' title='bbox 972 1817 1090 1876; x_wconf 77' lang='lat' dir='ltr'>habenis</span> 
     </span>
    </p>

    <p class='ocr_par' dir='ltr' id='par_1_11' title="bbox 367 1917 1214 1996">
     <span class='ocr_line' id='line_1_12' title="bbox 367 1917 1214 1996; baseline 0.004 -17"><span class='ocrx_word' id='word_1_64' title='bbox 367 1922 550 1996; x_wconf 79' lang='lat' dir='ltr'>Aptia&#39;passe</span> <span class='ocrx_word' id='word_1_65' title='bbox 572 1917 672 1996; x_wconf 81' lang='lat' dir='ltr'>viam3</span> <span class='ocrx_word' id='word_1_66' title='bbox 696 1936 756 1981; x_wconf 90' lang='lat' dir='ltr'>nec</span> <span class='ocrx_word' id='word_1_67' title='bbox 779 1936 845 1981; x_wconf 93' lang='lat' dir='ltr'>non</span> <span class='ocrx_word' id='word_1_68' title='bbox 868 1925 899 1982; x_wconf 92' lang='lat' dir='ltr'>et</span> <span class='ocrx_word' id='word_1_69' title='bbox 923 1917 1096 1982; x_wconf 89' lang='lat' dir='ltr'>Thessalus</span> <span class='ocrx_word' id='word_1_70' title='bbox 1119 1919 1214 1983; x_wconf 92' lang='lat' dir='ltr'>heros</span> 
     </span>
    </p>

    <p class='ocr_par' dir='ltr' id='par_1_12' title="bbox 369 2019 1295 2104">
     <span class='ocr_line' id='line_1_13' title="bbox 369 2019 1295 2104; baseline 0.003 -18"><span class='ocrx_word' id='word_1_71' title='bbox 369 2023 433 2101; x_wconf 85' lang='lat' dir='ltr'>Spe</span> <span class='ocrx_word' id='word_1_72' title='bbox 456 2019 622 2100; x_wconf 86' lang='lat' dir='ltr'>propriore</span> <span class='ocrx_word' id='word_1_73' title='bbox 645 2020 736 2103; x_wconf 82' lang='lat' dir='ltr'>calet,</span> <span class='ocrx_word' id='word_1_74' title='bbox 762 2022 839 2085; x_wconf 92' lang='lat' dir='ltr'>dum</span> <span class='ocrx_word' id='word_1_75' title='bbox 862 2040 926 2085; x_wconf 94' lang='lat' dir='ltr'>non</span> <span class='ocrx_word' id='word_1_76' title='bbox 950 2023 1120 2088; x_wconf 89' lang='lat' dir='ltr'>cohibente</span> <span class='ocrx_word' id='word_1_77' title='bbox 1144 2024 1295 2104; x_wconf 87' lang='lat' dir='ltr'>magistro</span> 
     </span>
    </p>

    <p class='ocr_par' dir='ltr' id='par_1_13' title="bbox 368 2126 1162 2209">
     <span class='ocr_line' id='line_1_14' title="bbox 368 2126 1162 2209; baseline -0.001 -18"><span class='ocrx_word' id='word_1_78' title='bbox 368 2127 534 2206; x_wconf 84' lang='lat' dir='ltr'>Spargitur</span> <span class='ocrx_word' id='word_1_79' title='bbox 556 2126 589 2189; x_wconf 95' lang='lat' dir='ltr'>in</span> <span class='ocrx_word' id='word_1_80' title='bbox 608 2149 695 2208; x_wconf 77' lang='lat' dir='ltr'>pyros</span> <span class='ocrx_word' id='word_1_81' title='bbox 717 2132 883 2209; x_wconf 76' lang='lat' dir='ltr'>deoeterque</span> <span class='ocrx_word' id='word_1_82' title='bbox 906 2136 1032 2192; x_wconf 83' lang='lat' dir='ltr'>exerrat</span> <span class='ocrx_word' id='word_1_83' title='bbox 1054 2128 1162 2192; x_wconf 85' lang='lat' dir='ltr'>Arion.</span> 
     </span>
    </p>

    <p class='ocr_par' dir='ltr' id='par_1_14' title="bbox 367 2230 1363 2310">
     <span class='ocr_line' id='line_1_15' title="bbox 367 2230 1363 2310; baseline 0.001 -15"><span class='ocrx_word' id='word_1_84' title='bbox 367 2233 435 2295; x_wconf 90' lang='lat' dir='ltr'>lam</span> <span class='ocrx_word' id='word_1_85' title='bbox 457 2231 543 2310; x_wconf 89' lang='lat' dir='ltr'>prior</span> <span class='ocrx_word' id='word_1_86' title='bbox 566 2230 710 2295; x_wconf 88' lang='lat' dir='ltr'>Oeclides</span> <span class='ocrx_word' id='word_1_87' title='bbox 733 2239 764 2296; x_wconf 86' lang='lat' dir='ltr'>et</span> <span class='ocrx_word' id='word_1_88' title='bbox 787 2232 852 2295; x_wconf 90' lang='lat' dir='ltr'>iam</span> <span class='ocrx_word' id='word_1_89' title='bbox 875 2250 941 2297; x_wconf 92' lang='lat' dir='ltr'>non</span> <span class='ocrx_word' id='word_1_90' title='bbox 963 2233 1075 2296; x_wconf 89' lang='lat' dir='ltr'>tertius</span> <span class='ocrx_word' id='word_1_91' title='bbox 1097 2233 1165 2297; x_wconf 89' lang='lat' dir='ltr'>ibat</span> <span class='ocrx_word' id='word_1_92' title='bbox 1324 2251 1363 2289; x_wconf 76' lang='lat' dir='ltr'>m</span> 
     </span>
    </p>

    <p class='ocr_par' dir='ltr' id='par_1_15' title="bbox 368 2335 1216 2417">
     <span class='ocr_line' id='line_1_16' title="bbox 368 2335 1216 2417; baseline 0 -18"><span class='ocrx_word' id='word_1_93' title='bbox 368 2336 533 2417; x_wconf 83' lang='lat' dir='ltr'>Admetus,</span> <span class='ocrx_word' id='word_1_94' title='bbox 556 2335 630 2400; x_wconf 84' lang='lat' dir='ltr'>laxo</span> <span class='ocrx_word' id='word_1_95' title='bbox 653 2357 727 2400; x_wconf 90' lang='lat' dir='ltr'>cum</span> <span class='ocrx_word' id='word_1_96' title='bbox 750 2337 881 2400; x_wconf 89' lang='lat' dir='ltr'>tandem</span> <span class='ocrx_word' id='word_1_97' title='bbox 903 2356 943 2401; x_wconf 80' lang='lat' dir='ltr'>ex</span> <span class='ocrx_word' id='word_1_98' title='bbox 966 2338 1043 2402; x_wconf 90' lang='lat' dir='ltr'>orbe</span> <span class='ocrx_word' id='word_1_99' title='bbox 1066 2339 1216 2403; x_wconf 88' lang='lat' dir='ltr'>reductus</span> 
     </span>
    </p>

    <p class='ocr_par' dir='ltr' id='par_1_16' title="bbox 370 2441 1226 2524">
     <span class='ocr_line' id='line_1_17' title="bbox 370 2441 1226 2524; baseline 0.002 -20"><span class='ocrx_word' id='word_1_100' title='bbox 370 2441 559 2524; x_wconf 84' lang='lat' dir='ltr'>Aequoreos</span> <span class='ocrx_word' id='word_1_101' title='bbox 582 2442 711 2520; x_wconf 90' lang='lat' dir='ltr'>sonipes</span> <span class='ocrx_word' id='word_1_102' title='bbox 729 2447 838 2522; x_wconf 80' lang='lat' dir='ltr'>premit</span> <span class='ocrx_word' id='word_1_103' title='bbox 861 2443 1030 2524; x_wconf 88' lang='lat' dir='ltr'>evaditque</span> <span class='ocrx_word' id='word_1_104' title='bbox 1053 2462 1226 2524; x_wconf 87' lang='lat' dir='ltr'>parumper</span> 
     </span>
    </p>

    <p class='ocr_par' dir='ltr' id='par_1_17' title="bbox 370 2545 1276 2722">
     <span class='ocr_line' id='line_1_18' title="bbox 370 2545 1276 2630; baseline 0.001 -20"><span class='ocrx_word' id='word_1_105' title='bbox 370 2547 516 2610; x_wconf 88' lang='lat' dir='ltr'>Gavisos.</span> <span class='ocrx_word' id='word_1_106' title='bbox 541 2545 634 2609; x_wconf 87' lang='lat' dir='ltr'>Subit</span> <span class='ocrx_word' id='word_1_107' title='bbox 656 2554 744 2610; x_wconf 87' lang='lat' dir='ltr'>astra</span> <span class='ocrx_word' id='word_1_108' title='bbox 764 2552 879 2629; x_wconf 81' lang='lat' dir='ltr'>froper,</span> <span class='ocrx_word' id='word_1_109' title='bbox 904 2548 1092 2630; x_wconf 91' lang='lat' dir='ltr'>caelumque</span> <span class='ocrx_word' id='word_1_110' title='bbox 1116 2548 1276 2614; x_wconf 84' lang='lat' dir='ltr'>tremiscit.</span> 
     </span>
     <span class='ocr_line' id='line_1_19' title="bbox 787 2667 903 2722; baseline 0.009 -1"><span class='ocrx_word' id='word_1_111' title='bbox 787 2667 903 2722; x_wconf 82' lang='grc'>454461</span> 
     </span>
    </p>

    <p class='ocr_par' dir='ltr' id='par_1_18' title="bbox 414 2757 1226 2838">
     <span class='ocr_line' id='line_1_20' title="bbox 414 2757 1226 2838; baseline 0 -17"><span class='ocrx_word' id='word_1_112' title='bbox 414 2760 538 2822; x_wconf 86' lang='lat' dir='ltr'>Rursus</span> <span class='ocrx_word' id='word_1_113' title='bbox 561 2757 751 2837; x_wconf 84' lang='lat' dir='ltr'>praecipites</span> <span class='ocrx_word' id='word_1_114' title='bbox 773 2759 807 2822; x_wconf 93' lang='lat' dir='ltr'>in</span> <span class='ocrx_word' id='word_1_115' title='bbox 829 2767 919 2822; x_wconf 88' lang='lat' dir='ltr'>recta</span> <span class='ocrx_word' id='word_1_116' title='bbox 942 2779 981 2823; x_wconf 88' lang='lat' dir='ltr'>ac</span> <span class='ocrx_word' id='word_1_117' title='bbox 1004 2759 1098 2823; x_wconf 88' lang='lat' dir='ltr'>devia</span> <span class='ocrx_word' id='word_1_118' title='bbox 1121 2760 1226 2838; x_wconf 89' lang='lat' dir='ltr'>campi</span> 
     </span>
    </p>

    <p class='ocr_par' dir='ltr' id='par_1_19' title="bbox 372 2864 1367 2946">
     <span class='ocr_line' id='line_1_21' title="bbox 372 2864 1367 2946; baseline 0 -19"><span class='ocrx_word' id='word_1_119' title='bbox 372 2868 526 2944; x_wconf 78' lang='lat' dir='ltr'>obliquant</span> <span class='ocrx_word' id='word_1_120' title='bbox 549 2864 745 2945; x_wconf 85' lang='lat' dir='ltr'>tenduntque</span> <span class='ocrx_word' id='word_1_121' title='bbox 767 2865 846 2946; x_wconf 80' lang='lat' dir='ltr'>viaS,</span> <span class='ocrx_word' id='word_1_122' title='bbox 871 2866 987 2930; x_wconf 85' lang='lat' dir='ltr'>iterum</span> <span class='ocrx_word' id='word_1_123' title='bbox 1011 2870 1115 2928; x_wconf 81' lang='lat' dir='ltr'>aeribus</span> <span class='ocrx_word' id='word_1_124' title='bbox 1138 2887 1207 2928; x_wconf 85' lang='lat' dir='ltr'>erres</span> <span class='ocrx_word' id='word_1_125' title='bbox 1328 2879 1367 2920; x_wconf 78' lang='lat'>455</span> 
     </span>
    </p>

    <p class='ocr_par' dir='ltr' id='par_1_20' title="bbox 372 2968 1158 3052">
     <span class='ocr_line' id='line_1_22' title="bbox 372 2968 1158 3052; baseline 0.004 -21"><span class='ocrx_word' id='word_1_126' title='bbox 372 2969 483 3033; x_wconf 92' lang='lat' dir='ltr'>lnssicti</span> <span class='ocrx_word' id='word_1_127' title='bbox 505 2968 666 3050; x_wconf 88' lang='lat' dir='ltr'>radiisque</span> <span class='ocrx_word' id='word_1_128' title='bbox 688 2977 787 3050; x_wconf 92' lang='lat' dir='ltr'>rotae,</span> <span class='ocrx_word' id='word_1_129' title='bbox 812 2990 876 3049; x_wconf 90' lang='lat' dir='ltr'>pax</span> <span class='ocrx_word' id='word_1_130' title='bbox 899 2969 986 3035; x_wconf 91' lang='lat' dir='ltr'>nulla</span> <span class='ocrx_word' id='word_1_131' title='bbox 1007 2970 1158 3052; x_wconf 89' lang='lat' dir='ltr'>fidesque.</span> 
     </span>
    </p>

    <p class='ocr_par' dir='ltr' id='par_1_21' title="bbox 373 3073 1199 3157">
     <span class='ocr_line' id='line_1_23' title="bbox 373 3073 1199 3157; baseline 0 -21"><span class='ocrx_word' id='word_1_132' title='bbox 373 3074 460 3138; x_wconf 86' lang='lat' dir='ltr'>Bella</span> <span class='ocrx_word' id='word_1_133' title='bbox 483 3076 548 3154; x_wconf 87' lang='lat' dir='ltr'>geri</span> <span class='ocrx_word' id='word_1_134' title='bbox 572 3073 655 3138; x_wconf 83' lang='lat' dir='ltr'>ferro</span> <span class='ocrx_word' id='word_1_135' title='bbox 678 3074 788 3157; x_wconf 82' lang='lat' dir='ltr'>levius,</span> <span class='ocrx_word' id='word_1_136' title='bbox 813 3075 897 3139; x_wconf 87' lang='lat' dir='ltr'>bella</span> <span class='ocrx_word' id='word_1_137' title='bbox 919 3075 1050 3139; x_wconf 88' lang='lat' dir='ltr'>horrida</span> <span class='ocrx_word' id='word_1_138' title='bbox 1072 3075 1199 3152; x_wconf 83' lang='lat' dir='ltr'>credas3</span> 
     </span>
    </p>

    <p class='ocr_par' dir='ltr' id='par_1_22' title="bbox 373 3177 1312 3260">
     <span class='ocr_line' id='line_1_24' title="bbox 373 3177 1312 3260; baseline -0.001 -20"><span class='ocrx_word' id='word_1_139' title='bbox 373 3180 401 3241; x_wconf 94' lang='lat' dir='ltr'>ls</span> <span class='ocrx_word' id='word_1_140' title='bbox 421 3184 510 3257; x_wconf 79' lang='lat' dir='ltr'>furor</span> <span class='ocrx_word' id='word_1_141' title='bbox 531 3180 564 3242; x_wconf 90' lang='lat' dir='ltr'>in</span> <span class='ocrx_word' id='word_1_142' title='bbox 586 3179 706 3244; x_wconf 76' lang='lat' dir='ltr'>laudes</span> <span class='ocrx_word' id='word_1_143' title='bbox 735 3184 894 3260; x_wconf 81' lang='lat' dir='ltr'>Trepidant</span> <span class='ocrx_word' id='word_1_144' title='bbox 918 3186 1117 3260; x_wconf 92' lang='lat' dir='ltr'>mortemque</span> <span class='ocrx_word' id='word_1_145' title='bbox 1140 3177 1312 3256; x_wconf 85' lang='lat' dir='ltr'>minantur,</span> 
     </span>
    </p>

    <p class='ocr_par' dir='ltr' id='par_1_23' title="bbox 374 3283 1295 3366">
     <span class='ocr_line' id='line_1_25' title="bbox 374 3283 1295 3366; baseline -0.005 -18"><span class='ocrx_word' id='word_1_146' title='bbox 374 3285 537 3366; x_wconf 87' lang='lat' dir='ltr'>Multaque</span> <span class='ocrx_word' id='word_1_147' title='bbox 560 3291 734 3348; x_wconf 79' lang='lat' dir='ltr'>transversis</span> <span class='ocrx_word' id='word_1_148' title='bbox 757 3285 999 3364; x_wconf 83' lang='lat' dir='ltr'>praestringitur</span> <span class='ocrx_word' id='word_1_149' title='bbox 1021 3283 1140 3362; x_wconf 87' lang='lat' dir='ltr'>ungula</span> <span class='ocrx_word' id='word_1_150' title='bbox 1163 3283 1295 3361; x_wconf 89' lang='lat' dir='ltr'>campis.</span> 
     </span>
    </p>

    <p class='ocr_par' dir='ltr' id='par_1_24' title="bbox 374 3387 1369 3470">
     <span class='ocr_line' id='line_1_26' title="bbox 374 3387 1369 3470; baseline -0.002 -18"><span class='ocrx_word' id='word_1_151' title='bbox 374 3389 441 3454; x_wconf 86' lang='lat' dir='ltr'>Nee</span> <span class='ocrx_word' id='word_1_152' title='bbox 462 3391 529 3452; x_wconf 83' lang='lat' dir='ltr'>iam</span> <span class='ocrx_word' id='word_1_153' title='bbox 551 3387 712 3452; x_wconf 83' lang='lat' dir='ltr'>sufficiunt</span> <span class='ocrx_word' id='word_1_154' title='bbox 735 3389 862 3470; x_wconf 85' lang='lat' dir='ltr'>stimuli,</span> <span class='ocrx_word' id='word_1_155' title='bbox 886 3409 951 3452; x_wconf 90' lang='lat' dir='ltr'>non</span> <span class='ocrx_word' id='word_1_156' title='bbox 974 3394 1111 3462; x_wconf 79' lang='lat' dir='ltr'>verbere,·</span> <span class='ocrx_word' id='word_1_157' title='bbox 1133 3411 1197 3451; x_wconf 83' lang='lat' dir='ltr'>voce</span> <span class='ocrx_word' id='word_1_158' title='bbox 1328 3403 1369 3442; x_wconf 74' lang='lat'>46⁰</span> 
     </span>
    </p>

    <p class='ocr_par' dir='ltr' id='par_1_25' title="bbox 375 3493 1390 3668">
     <span class='ocr_line' id='line_1_27' title="bbox 375 3493 1390 3582; baseline -0.004 -24"><span class='ocrx_word' id='word_1_159' title='bbox 375 3494 628 3576; x_wconf 87' lang='lat' dir='ltr'>Nominibusque</span> <span class='ocrx_word' id='word_1_160' title='bbox 652 3494 736 3557; x_wconf 89' lang='lat' dir='ltr'>cient</span> <span class='ocrx_word' id='word_1_161' title='bbox 758 3493 902 3557; x_wconf 90' lang='lat' dir='ltr'>Pholoen</span> <span class='ocrx_word' id='word_1_162' title='bbox 918 3493 1073 3557; x_wconf 85' lang='lat' dir='ltr'>Admetus</span> <span class='ocrx_word' id='word_1_163' title='bbox 1096 3500 1128 3557; x_wconf 91' lang='lat' dir='ltr'>et</span> <span class='ocrx_word' id='word_1_164' title='bbox 1149 3493 1212 3555; x_wconf 91' lang='lat' dir='ltr'>lrin</span> <span class='ocrx_word' id='word_1_165' title='bbox 1235 3511 1302 3573; x_wconf 87' lang='lat' dir='ltr'>sqq.</span> <span class='ocrx_word' id='word_1_166' title='bbox 1388 3577 1390 3582; x_wconf 23' lang='grc' dir='ltr'>Ι</span> 
     </span>
     <span class='ocr_line' id='line_1_28' title="bbox 793 3612 909 3668; baseline 0 -2"><span class='ocrx_word' id='word_1_167' title='bbox 793 3612 909 3668; x_wconf 62' lang='lat' dir='ltr'>tenue</span> 
     </span>
    </p>

    <p class='ocr_par' dir='ltr' id='par_1_26' title="bbox 376 3704 1313 3785">
     <span class='ocr_line' id='line_1_29' title="bbox 376 3704 1313 3785; baseline -0.006 -18"><span class='ocrx_word' id='word_1_168' title='bbox 376 3706 514 3769; x_wconf 86' lang='lat' dir='ltr'>Vixdum</span> <span class='ocrx_word' id='word_1_169' title='bbox 537 3712 668 3783; x_wconf 80' lang='lat' dir='ltr'>coeptus</span> <span class='ocrx_word' id='word_1_170' title='bbox 692 3705 782 3785; x_wconf 86' lang='lat' dir='ltr'>equis</span> <span class='ocrx_word' id='word_1_171' title='bbox 805 3704 904 3785; x_wconf 83' lang='lat' dir='ltr'>labor,</span> <span class='ocrx_word' id='word_1_172' title='bbox 930 3711 961 3768; x_wconf 86' lang='lat' dir='ltr'>ei</span> <span class='ocrx_word' id='word_1_173' title='bbox 984 3704 1050 3767; x_wconf 88' lang='lat' dir='ltr'>iam</span> <span class='ocrx_word' id='word_1_174' title='bbox 1067 3708 1186 3783; x_wconf 78' lang='lat' dir='ltr'>pulvere</span> <span class='ocrx_word' id='word_1_175' title='bbox 1209 3711 1313 3781; x_wconf 77' lang='lat' dir='ltr'>quarto</span> 
     </span>
    </p>

    <p class='ocr_par' dir='ltr' id='par_1_27' title="bbox 376 3809 1299 3890">
     <span class='ocr_line' id='line_1_30' title="bbox 376 3809 1299 3890; baseline -0.007 -18"><span class='ocrx_word' id='word_1_176' title='bbox 376 3813 520 3890; x_wconf 82' lang='lat' dir='ltr'>Campam</span> <span class='ocrx_word' id='word_1_177' title='bbox 542 3810 662 3890; x_wconf 81' lang='lat' dir='ltr'>ineunt,</span> <span class='ocrx_word' id='word_1_178' title='bbox 687 3810 816 3890; x_wconf 86' lang='lat' dir='ltr'>iamque</span> <span class='ocrx_word' id='word_1_179' title='bbox 840 3817 872 3873; x_wconf 87' lang='lat' dir='ltr'>ei</span> <span class='ocrx_word' id='word_1_180' title='bbox 894 3809 1009 3888; x_wconf 83' lang='lat' dir='ltr'>tepidis</span> <span class='ocrx_word' id='word_1_181' title='bbox 1031 3811 1187 3870; x_wconf 83' lang='lat' dir='ltr'>sudoribus</span> <span class='ocrx_word' id='word_1_182' title='bbox 1210 3813 1299 3868; x_wconf 85' lang='lat' dir='ltr'>artus</span> 
     </span>
    </p>

    <p class='ocr_par' dir='ltr' id='par_1_28' title="bbox 376 3914 1181 3995">
     <span class='ocr_line' id='line_1_31' title="bbox 376 3914 1181 3995; baseline -0.004 -18"><span class='ocrx_word' id='word_1_183' title='bbox 376 3914 475 3994; x_wconf 70' lang='lat' dir='ltr'>Eucti,</span> <span class='ocrx_word' id='word_1_184' title='bbox 500 3922 532 3978; x_wconf 93' lang='lat' dir='ltr'>et</span> <span class='ocrx_word' id='word_1_185' title='bbox 554 3933 699 3978; x_wconf 87' lang='lat' dir='ltr'>crassum</span> <span class='ocrx_word' id='word_1_186' title='bbox 721 3916 805 3994; x_wconf 84' lang='lat' dir='ltr'>rapit</span> <span class='ocrx_word' id='word_1_187' title='bbox 827 3915 1005 3995; x_wconf 86' lang='lat' dir='ltr'>eiectatque</span> <span class='ocrx_word' id='word_1_188' title='bbox 1028 3931 1181 3992; x_wconf 89' lang='lat' dir='ltr'>vaporem</span> 
     </span>
    </p>

    <p class='ocr_par' dir='ltr' id='par_1_29' title="bbox 378 4015 1275 4099">
     <span class='ocr_line' id='line_1_32' title="bbox 378 4015 1275 4099; baseline -0.007 -16"><span class='ocrx_word' id='word_1_189' title='bbox 378 4019 591 4098; x_wconf 88' lang='lat' dir='ltr'>Cornipedum</span> <span class='ocrx_word' id='word_1_190' title='bbox 614 4021 779 4084; x_wconf 85' lang='lat' dir='ltr'>flammata</span> <span class='ocrx_word' id='word_1_191' title='bbox 802 4021 878 4099; x_wconf 66' lang='lat' dir='ltr'>sitis</span> <span class='ocrx_word' id='word_1_192' title='bbox 902 4038 962 4082; x_wconf 93' lang='lat' dir='ltr'>nec</span> <span class='ocrx_word' id='word_1_193' title='bbox 984 4019 1050 4082; x_wconf 91' lang='lat' dir='ltr'>iam</span> <span class='ocrx_word' id='word_1_194' title='bbox 1072 4019 1193 4097; x_wconf 85' lang='lat' dir='ltr'>integer</span> <span class='ocrx_word' id='word_1_195' title='bbox 1215 4015 1275 4078; x_wconf 89' lang='lat' dir='ltr'>illis</span> 
     </span>
    </p>

    <p class='ocr_par' dir='ltr' id='par_1_30' title="bbox 377 4122 1095 4205">
     <span class='ocr_line' id='line_1_33' title="bbox 377 4122 1095 4205; baseline -0.001 -19"><span class='ocrx_word' id='word_1_196' title='bbox 377 4125 516 4205; x_wconf 78' lang='lat' dir='ltr'>Impetus,</span> <span class='ocrx_word' id='word_1_197' title='bbox 539 4132 571 4188; x_wconf 91' lang='lat' dir='ltr'>et</span> <span class='ocrx_word' id='word_1_198' title='bbox 592 4124 677 4205; x_wconf 91' lang='lat' dir='ltr'>longi</span> <span class='ocrx_word' id='word_1_199' title='bbox 700 4124 900 4204; x_wconf 90' lang='lat' dir='ltr'>suspendunt</span> <span class='ocrx_word' id='word_1_200' title='bbox 921 4122 975 4186; x_wconf 86' lang='lat' dir='ltr'>ilia</span> <span class='ocrx_word' id='word_1_201' title='bbox 995 4127 1095 4201; x_wconf 76' lang='lat' dir='ltr'>flatus.</span> 
     </span>
    </p>
   </div>
   <div class='ocr_carea' id='block_1_2' title="bbox 336 4349 696 4423">
    <p class='ocr_par' dir='ltr' id='par_1_31' title="bbox 336 4349 696 4423">
     <span class='ocr_line' id='line_1_34' title="bbox 336 4349 696 4423; baseline -0.017 -16"><span class='ocrx_word' id='word_1_202' title='bbox 336 4349 696 4423; x_wconf 53' lang='lat' dir='ltr'>pmffimmm</span> 
     </span>
    </p>
   </div>
   <div class='ocr_carea' id='block_1_3' title="bbox 0 0 1646 5248">
    <p class='ocr_par' dir='ltr' id='par_1_32' title="bbox 0 0 1646 5248">
     <span class='ocr_line' id='line_1_35' title="bbox 0 0 1646 5248; baseline 0 0"><span class='ocrx_word' id='word_1_203' title='bbox 0 0 1646 5248; x_wconf 95' lang='lat' dir='ltr'> </span> 
     </span>
    </p>
   </div>
  </div>
 </body>
</html>
