3232 5248
310 787 355 850 Ex
377 787 429 850 illo
453 795 590 868 quantos
612 786 738 850 iuvenis
762 793 893 864 premat
911 786 1028 848 anxius
1051 791 1129 865 tpnes

309 894 411 957 Testis
434 912 501 973 eg0,
527 893 679 957 attonitus
703 898 858 972 quantum
882 909 933 952 me
955 897 1049 952 nocte
1072 889 1185 970 dieque

309 999 480 1078 Urgentem
504 998 593 1062 ferat.
619 997 710 1060 Haud
734 996 788 1060 ulli
810 995 1030 1058 vehementior
1052 1014 1206 1077 umquam

310 1104 452 1184 Incubui,
474 1109 616 1184 praetrita,
641 1099 818 1183 iterataque
841 1106 962 1164 uulnere
985 1088 1058 1163 indi.

736 1221 850 1274 103-105
1117 1195 1119 1200 ’

312 1313 446 1393 Dixerat,
471 1321 502 1376 el
524 1321 635 1377 tenera
657 1318 761 1374 titan-ts
783 1312 907 1375 cervice
924 1307 1062 1391 pependit

310 1417 449 1480 Blandus
473 1427 504 1481 ct
527 1418 663 1482 admotis
686 1415 834 1496 tepefecit
856 1424 988 1495 pectora
1004 1406 1118 1495 pennis.

308 1522 363 1585 llla
386 1522 490 1603 refert,
1215 1503 1217 1508 ¹
1246 1507 1247 1512 ἵ

266 1627 419 1706 virginem
443 1627 528 1694 illam
551 1629 685 1690 summis
709 1647 784 1690 cum
808 1626 951 1704 corporis
974 1633 1042 1690 tum
1066 1624 1164 1688 animi
1180 1622 1305 1684 virtuti-

265 1731 325 1794 bus
349 1723 525 1811 praeditam
549 1750 636 1796 esse:
1252 1723 1257 1754 ¹

731 1815 780 1870 121
800 1833 839 1884 sq.

308 1906 390 1969 Huic
414 1908 561 1988 quamvis
585 1931 685 1970 ceucris
707 1907 849 1969 dederim
873 1904 988 1984 largita
1010 1905 1132 1982 beatos
1189 1909 1192 1916 ’

310 2010 416 2072 Vincit
437 2028 514 2088 opes
537 2011 654 2073 animo.

734 2092 847 2147 130-136

310 2182 401 2246 Hanc
423 2189 450 2244 si
472 2181 674 2245 Thessalicos
696 2183 839 2262 vidisses,
864 2181 1002 2262 Phoebe,
1027 2200 1083 2260 per
1106 2200 1210 2260 agros,

309 2289 437 2352 Erraret
459 2306 574 2351 secura
595 2288 737 2366 Daphne.
763 2289 797 2349 St
819 2287 851 2348 in
874 2287 964 2350 litore
988 2286 1071 2349 Naxi

311 2393 471 2459 Theseum
493 2394 583 2457 iuxta
605 2392 686 2458 foret
708 2391 789 2456 haec
813 2398 987 2470 conspecta
1009 2390 1122 2470 cubile,

313 2500 454 2563 Gnosida
476 2499 635 2562 desertam
659 2498 813 2578 profugus
836 2497 979 2579 liquisset
1001 2504 1032 2559 et
1055 2495 1177 2559 Euhan.

309 2604 484 2681 Quodnisi
508 2623 559 2668 me
582 2605 684 2685 longis
708 2606 867 2684 placasset
890 2605 967 2667 lunc
991 2602 1136 2685 querelis

309 2705 424 2769 Falsus
445 2707 521 2771 huic
543 2710 658 2787 pinnas
681 2719 713 2774 et
736 2729 858 2773 cornua
881 2714 1020 2771 sumeret
1044 2707 1174 2770 aethrae

311 2814 436 2901 Rector,
461 2815 494 2877 in
516 2813 601 2877 hanc
625 2833 700 2877 vero
725 2815 891 2878 cecidisset
916 2810 1031 2894 Iupiter
1055 2813 1137 2875 auro.
1154 2809 1177 2894 ¹)

268 2917 331 2982 Sed
355 2919 465 2980 datum
488 2919 527 2981 iri
550 2935 622 2981 eam
645 2919 761 2980 iuveni.

731 3035 844 3090 tte-142

716 3110 720 3117 ι

787 3143 840 3208 Sic
864 3143 930 3206 fata
952 3143 1070 3216 levavit

310 3250 457 3330 Siduereos
481 3258 569 3313 artus
592 3249 789 3331 thalamique
812 3267 941 3328 egressa
964 3248 1137 3327 superbum

313 3355 424 3418 Limen
448 3355 639 3437 Amyclaeos
663 3355 703 3418 ad
726 3354 817 3419 frena
840 3354 950 3418 citavit
973 3360 1071 3416 olores.

266 3461 375 3541 ltaque
399 3480 471 3522 cum
497 3461 614 3524 Amore
638 3462 769 3525 domum
793 3459 992 3523 Violentillae
1022 3457 1165 3538 profecta
1180 3457 1304 3522 blandis

265 3564 371 3626 verbis
394 3565 523 3644 virginis
546 3567 690 3629 animum
714 3566 842 3629 flectere
866 3566 985 3643 coepit:

760 3686 810 3738 182

311 3773 392 3850 Ergo
416 3796 477 3853 ape,
500 3780 584 3854 inape
606 3782 694 3837 toros
718 3783 814 3856 atque
838 3777 903 3838 otia
925 3775 1017 3839 deme
1039 3775 1198 3838 iuventae.

724 3892 839 3946 tte-228

309 3981 351 4043 At
374 3981 484 4059 procul
508 3988 542 4043 ut
560 3979 680 4046 'Stellae
703 3982 862 4046 thalamus
886 4001 1015 4046 sensere
1039 3983 1144 4062 parari

308 4087 427 4150 Latous
450 4093 560 4150 vatum
584 4095 727 4165 pateret
750 4088 925 4152 Semeleius
948 4088 1070 4165 Euhan,
1264 4106 1304 4144 220

310 4197 368 4256 Hic
391 4200 498 4256 movet
522 4193 661 4275 Ortygia,
686 4202 794 4258 movet
815 4199 861 4256 dic
884 4194 997 4274 rapida
1020 4195 1149 4274 agmina
1172 4195 1268 4276 Nysa.

269 4385 287 4456 ¹)
306 4385 345 4440 De
363 4385 417 4441 hoc
435 4385 495 4440 loco
513 4384 586 4438 infra
605 4383 694 4437 dicam
713 4385 748 4437 ad
768 4384 807 4451 15,
829 4383 878 4437 177
892 4401 931 4452 sq.
953 4403 977 4454 p.
1000 4385 1041 4438 53.
