3232 5248
322 587 364 654 lo

737 763 803 818 Aah.
823 764 918 819 1208
939 807 943 818 .

365 853 510 917 Solverat
533 856 646 914 Oebalia
669 858 788 916 classem
811 855 850 918 de
873 782 963 919 littll’e
981 866 1088 935 pastor

365 957 532 1020 Dardanus
555 958 701 1022 incautas
724 958 838 1022 blande
860 964 1016 1039 populatus
1026 956 1050 1041 1)
1074 965 1220 1041 Amyclas.

763 1216 786 1284 9,
806 1217 920 1271 tat-142

365 1324 437 1388 Non
460 1322 511 1386 hic
535 1323 701 1388 Maeoniae
725 1323 796 1388 stilo
820 1323 981 1400 Camenae

365 1428 450 1493 Civis
473 1428 669 1512 Dulichiique
693 1429 898 1512 Thessalique

365 1535 522 1599 Virtutem
546 1535 799 1617 sapientiamque
822 1555 928 1615 narra,

367 1641 510 1719 Quorum
533 1639 586 1703 hic
609 1639 736 1704 Peliaco
760 1648 891 1719 putatur
913 1649 1005 1702 antro

365 1743 502 1824 Vanam,
527 1744 650 1820 fidibus,
676 1744 837 1824 palaestra
859 1753 891 1807 at
914 1744 1021 1807 herbis

368 1847 435 1911 Sub
459 1852 740 1930 scaranensem
763 1849 935 1928 insutum,
1027 1909 1029 1916 .

367 1954 448 2015 llum
471 1972 558 2017 nunc
579 1958 676 2015 lustra
699 1961 806 2016 terens
830 1971 910 2032 puer
930 1957 1065 2030 ferarum

367 2058 492 2120 Passim
515 2076 571 2138 per
595 2062 719 2120 Pholoen
741 2057 826 2122 iacet
847 2057 1005 2132 nivosam,

366 2159 458 2225 Nunc
482 2161 690 2241 praesepibus
714 2162 877 2226 accubans
900 2163 1015 2225 amatis

367 2270 484 2328 Dormit
505 2272 619 2330 mallius
641 2273 672 2330 in
694 2272 763 2330 iuba
786 2273 929 2349 magistri.

366 2371 440 2434 lnde
463 2375 638 2452 Scyriadum
661 2372 755 2435 datus
779 2373 903 2452 parenti

368 2474 480 2538 Falsas
503 2477 635 2539 nomina
657 2476 846 2554 praetulisse
869 2474 1011 2556 Pyrrhae

368 2580 472 2661 Atque
494 2586 570 2644 inter
592 2581 724 2644 tetricae
747 2585 848 2643 charos
872 2580 1033 2643 Minervae

368 2685 518 2750 Occultos
541 2686 659 2749 Veneri
681 2693 806 2750 rotasse
829 2685 971 2767 thyrsos;

368 2793 535 2854 Postremo
559 2795 599 2853 ad
621 2796 766 2873 Phrygiae
787 2815 889 2855 sontem
911 2797 1036 2871 rapinae

367 2898 502 2960 Tractus
525 2895 672 2959 laudibus
695 2899 830 2958 Hectoris
852 2900 995 2959 trahendi.

324 3002 420 3066 Vides
444 3010 572 3082 poetam
595 3002 706 3081 paucis
730 3009 954 3082 argumentum
977 2999 1168 3063 Achilleidos
1187 2999 1362 3078 absolvereae

325 3108 416 3170 ouius
438 3107 470 3169 hi
493 3109 663 3187 praecipue
686 3124 799 3170 versus
822 3107 907 3186 digni
924 3113 1007 3186 sunt,
1043 3106 1097 3186 qui
1125 3105 1257 3167 cumeis
1282 3122 1362 3185 quos

325 3212 534 3290 supraposui
558 3220 797 3291 comparentur:

734 3314 801 3368 Aah.
821 3314 832 3365 l
852 3312 965 3368 195-197

368 3399 439 3464 Nox
462 3406 552 3464 trahit
575 3403 607 3464 in
630 3422 772 3482 somnos,
798 3423 877 3466 saxo
901 3401 1080 3466 conlabitur
1103 3402 1215 3480 ingens

368 3508 532 3569 Centaurus
554 3505 754 3588 blandusque
778 3513 886 3569 umetis
908 3530 937 3569 se
960 3513 1077 3569 innectit
1100 3505 1248 3587 Achillea,

368 3610 571 3692 Quamquam
594 3611 637 3675 ibi
665 3612 728 3675 fida
755 3631 881 3694 parenS,
914 3623 1084 3692 assuetaque
1101 3622 1222 3691 pectora
1245 3615 1362 3673 mauult.

762 3750 797 3804 ib.
817 3750 932 3804 238-240

370 3837 439 3900 Iam
461 3838 559 3902 tristis
583 3843 696 3919 Pholoe,
719 3840 784 3904 iam
806 3839 935 3902 nubilus
958 3838 1088 3916 ingemit
1111 3836 1228 3918 Othrys

369 3942 406 4005 Et
429 3944 536 4007 senior
558 3943 738 4024 Spercheos
762 3945 853 4026 aquis
877 3943 1093 4023 speluncaque
1117 3947 1192 4003 docti

369 4047 457 4110 Muta
479 4055 564 4110 senis.

328 4253 347 4321 ¹)
366 4253 492 4306 Menkius
516 4252 670 4308 Observatt.
697 4254 713 4306 5
737 4270 794 4320 sqq.
825 4252 980 4306 coniecerat
1004 4254 1073 4304 clam
1098 4250 1279 4320 depopulatus
1304 4251 1364 4305 coll.

365 4341 458 4394 Sidon.
478 4340 501 4406 9,
522 4341 579 4395 119.
599 4341 633 4394 At
652 4341 684 4395 cf.
705 4341 747 4406 22,
766 4342 807 4393 22.
