3232 5248
307 585 347 652 14

347 759 429 822 Huic
450 759 538 839 Lycii
561 767 686 822 montes
710 759 895 841 gelidaeque
918 761 1107 825 umbracula
1130 763 1311 845 Thymbrae

348 864 394 943 Et,
419 865 572 945 Parnase,
598 883 708 928 sonas:
733 864 775 927 illi
799 867 949 944 Pangaea
972 867 1128 931 resultant

350 970 534 1051 Ismaraque
558 976 590 1033 et
613 969 776 1050 quondam
799 970 931 1049 genialis
954 970 1047 1035 litora
1069 971 1161 1036 Naxi.

347 1074 437 1136 Tunc
459 1092 553 1136 caras
576 1073 675 1136 iniere
699 1071 783 1138 fores
807 1075 979 1157 coraliique
1002 1096 1121 1141 canoro
1305 1098 1344 1137 aa

347 1181 406 1240 Hic
427 1178 550 1261 chelyn,
574 1185 619 1244 bic
641 1181 759 1245 flavam
782 1186 927 1244 maculoso
949 1185 1069 1244 nebrida
1092 1189 1190 1264 terge,
1205 1181 1227 1265 ¹)

348 1287 406 1345 Hic
428 1284 565 1365 thyrsos,
589 1290 635 1349 bio
659 1285 778 1364 plectra
801 1283 920 1364 lerunt3
944 1289 990 1348 bio
1012 1285 1129 1350 enthea
1150 1286 1241 1350 lauro

347 1386 515 1471 Tempora,
540 1390 648 1457 llllinoa
669 1392 791 1456 crinem
814 1391 929 1470 premit
951 1389 1005 1454 ille
1028 1409 1159 1455 corona.

306 1491 457 1557 Sollemni
485 1495 669 1574 nuptiarum
697 1496 748 1559 die
779 1514 915 1576 magnus
945 1495 979 1557 fit
1008 1495 1148 1578 undique
1178 1495 1344 1560 hominum

305 1616 493 1666 concursus

770 1702 886 1755 aba-254

614 1793 700 1856 hunc
723 1793 790 1871 ipse
815 1791 880 1856 Coo
906 1792 1077 1871 plaudente
1100 1793 1239 1858 Philetas

349 1893 628 1978 Callimachusque
651 1915 748 1961 senex
772 1896 956 1977 Umbroque
981 1898 1165 1977 Propertius
1188 1905 1279 1962 antro

349 2004 512 2064 Aretissam
534 2001 665 2065 laudare
688 2001 781 2065 diem.

307 2107 473 2170 Postremo
498 2107 589 2169 novis
613 2107 720 2186 nuptis
745 2105 922 2186 gratulatur
945 2114 1056 2186 poeta:

799 2243 850 2297 266

350 2332 407 2396 Eia
430 2352 498 2414 age,
522 2333 705 2412 praeclaros
728 2334 817 2397 Latio
841 2341 1009 2413 properate
1031 2345 1152 2414 nepotes.
1167 2333 1192 2416 ²)

765 2452 879 2507 275-277

905 2543 951 2605 sic
974 2543 1093 2606 damna
1115 2543 1239 2606 decoris

349 2645 442 2710 Nulla
465 2647 535 2727 tibi;
558 2647 650 2727 longe
673 2647 781 2710 viridis
804 2648 850 2710 sic
873 2647 950 2711 llore
973 2648 1123 2712 inventae

352 2752 531 2816 Perdurent
554 2752 670 2833 vultus,
695 2753 848 2833 tardeque
871 2752 952 2816 haec
975 2752 1080 2816 forma
1102 2761 1258 2817 senescat.

410 3050 445 3112 ln
467 3049 588 3114 Sidonii
611 3067 638 3112 c.
662 3049 704 3114 23
728 3049 767 3112 de
790 3049 926 3136 victoria
945 3041 1107 3127 narratur,
1141 3068 1236 3130 quam
1261 3047 1346 3111 Con·
1394 3082 1399 3094 ·

308 3154 429 3218 sentius
452 3153 641 3216 adulescens
663 3153 745 3216 ludis
769 3153 966 3216 circensibus
989 3153 1172 3232 reportavit.

770 3273 885 3326 325-353

922 3364 1086 3427 continent
1108 3363 1244 3425 ministri

352 3474 413 3532 Ora
439 3478 470 3534 et
492 3469 561 3532 lora
584 3489 700 3532 manus
722 3473 870 3550 tubasque
894 3479 985 3531 tortos

352 3573 477 3654 Cogunt
498 3573 654 3637 flexilibus
676 3573 775 3637 latere
798 3573 889 3636 nodis

353 3679 591 3760 Hortanturque
614 3677 716 3742 obiter
738 3678 913 3759 iuvantque
937 3677 1062 3740 blandis

353 3783 443 3846 Ultro
466 3783 633 3862 plausibus
656 3791 688 3846 et
710 3781 926 3862 voluptuosam

352 3889 478 3951 Dictant
501 3887 818 3969 quadrupedantibus
842 3886 991 3951 furorem.

352 3991 397 4055 llli
420 3991 461 4054 ad
484 3996 614 4054 claustro
638 3989 777 4059 fremunt
799 3990 1022 4071 repagulisque

325 4177 328 4183 Ι
354 4095 547 4160 lneumbunt
570 4095 664 4157 simul
687 4115 726 4158 ac
750 4114 806 4174 per
829 4094 995 4158 obseratas

313 4358 332 4427 ¹)
342 4357 674 4414 Ach.l716—nebridas
694 4373 769 4410 auro.
790 4353 860 4423 2)OE
881 4354 974 4408 Claud.
994 4355 1073 4423 Rapt.
1092 4353 1168 4407 Pros
1188 4351 1278 4405 11367,
1290 4350 1349 4403 371.
