3232 5248
320 570 362 632 tr

320 745 406 808 Aviti
430 745 568 824 Augusti
591 743 687 806 rebus
710 745 808 822 gestis
832 744 873 806 ab
901 745 973 806 love
1001 745 1033 806 in
1061 743 1195 805 eoncilio
1228 741 1361 806 deorum

321 849 473 927 extrusitis
499 849 712 930 panegyricus
736 847 824 910 hisee
847 847 994 910 versibus
1018 848 1221 912 terminatur:

765 965 924 1033 numm

847 1123 850 1130 ,
955 1055 1066 1119 Finem
1090 1063 1180 1134 pater
1204 1075 1258 1119 ore

365 1163 425 1224 Vix
448 1163 593 1241 dederat;
613 1168 754 1242 plausere
776 1167 828 1239 dil,
852 1161 1054 1242 fremitusque
1076 1162 1217 1224 cucurrit

365 1266 515 1331 Concilio,
540 1266 628 1331 Felix
650 1274 777 1345 tempus
800 1285 918 1330 nevere
942 1284 1069 1330 sorores

368 1371 520 1451 imperiis,
545 1375 683 1452 Arlqusle,
707 1377 774 1448 tals,
798 1378 829 1434 et
852 1370 992 1434 consulis
1015 1389 1101 1433 anno

365 1477 466 1540 Fulva
487 1475 680 1539 volubilibus
704 1476 864 1539 duxerunt
887 1475 1016 1540 saecula
1039 1476 1155 1554 pensis.
1169 1471 1192 1556 ¹)

322 1584 416 1646 lanus
429 1583 654 1661 imperatorem
668 1581 880 1645 liontitianum
896 1581 1029 1644 summis
1043 1580 1189 1643 laudibus
1205 1579 1363 1643 extulerat

321 1686 508 1768 futurasque
521 1686 671 1750 victorias
682 1686 874 1749 vaticinatus
887 1694 964 1749 erat.
989 1685 1076 1748 Finis
1088 1693 1197 1748 autem
1209 1686 1361 1748 eat-minis

321 1792 355 1854 fit
379 1791 428 1854 his
452 1791 611 1855 versibus:

754 1873 931 1942 sunu

367 1967 420 2030 Sic
443 1965 537 2028 lanus
561 1964 735 2046 clausoque
757 1965 860 2028 libens
883 1983 917 2028 se
941 1974 1030 2044 poste
1054 1966 1181 2044 recepit..

368 2071 457 2134 Tune
480 2088 592 2136 omnes
609 2075 747 2150 plausere
760 2067 786 2152 ⁹)
809 2074 855 2132 del
877 2068 1015 2150 laetoque
1037 2069 1193 2133 dederunt

366 2176 463 2255 Signa
486 2174 559 2254 polo
582 2174 774 2256 longamque
797 2177 857 2252 tibi,
881 2195 934 2236 rex
955 2195 1066 2256 magne,
1090 2173 1254 2238 iuventam

368 2279 489 2342 Annuit
512 2286 608 2360 atque
632 2298 708 2341 suos
731 2279 877 2357 promisit
898 2277 1037 2356 luppiter
1061 2296 1173 2341 annos.

740 2441 892 2448 -—...—.—
910 2441 946 2446 .—

782 2503 905 2570 amm

364 2597 431 2656 Non
454 2612 513 2656 nos
537 2593 694 2654 currimus
718 2611 866 2672 aggerem
889 2599 1060 2673 vetustum,

366 2701 426 2760 Nec
449 2697 621 2778 quiequam
645 2697 798 2776 invenies
823 2696 878 2759 ubi
901 2697 1043 2775 priorum

366 2801 523 2882 Antiquas
545 2811 620 2862 terul
642 2804 752 2863 orbitus
774 2800 893 2864 Thalia.

783 2920 807 2987 9,
827 2921 861 2975 62
880 2938 919 2989 sq.

366 3015 432 3073 Non
454 3017 561 3073 vectos
583 3009 707 3090 Minyas
729 3010 877 3092 loquente
901 3010 981 3073 silva

366 3116 476 3178 Dicam
500 3114 657 3178 Phasiaco
681 3115 813 3178 stetisse
828 3123 931 3195 portu.

764 3234 789 3301 9,
810 3233 859 3288 121
879 3251 936 3302 sqq.

367 3323 430 3386 Sed
453 3347 504 3386 nee
525 3324 683 3402 Pergama
705 3347 755 3386 nec
777 3324 918 3388 decenne
941 3323 1059 3388 bellum
1081 3343 1149 3404 sqq.

770 3442 930 3509 numm

366 3533 426 3595 Ast
449 3531 537 3595 illum
561 3531 612 3594 eui
636 3532 769 3611 contigit
792 3540 960 3612 paternam

367 3638 523 3723 Quartum
546 3645 618 3716 post
641 3635 783 3700 Ithaeam
806 3638 908 3702 redire
931 3637 1076 3715 lustrum,

367 3741 434 3806 Nec
457 3741 613 3823 Smyrnae
637 3743 715 3805 satis
738 3741 875 3821 explieat
897 3742 1057 3805 volumen.

734 3862 957 3930 anama

368 3955 434 4013 Non
457 3958 492 4012 tu
514 3951 647 4015 flumina
668 3975 720 4015 nec
742 3971 852 4032 greges
875 3952 1015 4017 ferarum
1109 4029 1111 4035 Ι

367 4059 426 4116 Nec
448 4053 567 4132 plectro
590 4056 717 4119 Getieas
741 4057 884 4120 movebis
908 4076 1013 4120 ornos

327 4227 347 4294 ¹)
367 4226 406 4283 ct.
429 4226 524 4280 Claud.
552 4227 582 4279 ln
602 4225 835 4296 Eutrop.11461.
868 4227 893 4297 ²)
912 4227 1045 4310 Itanenim
1069 4226 1244 4281 scribendum
1270 4227 1367 4279 censui

361 4315 391 4367 in
410 4313 580 4369 Fleckeiseni
598 4314 690 4369 annal.
713 4314 760 4368 121
781 4332 807 4384 p,
826 4315 886 4370 500.
