3232 5248
337 583 378 646 28

379 757 413 820 Si
434 774 510 820 mea
532 764 608 820 vota
630 757 708 818 deus
731 755 925 838 produxerit,
951 758 1061 821 ordine
1083 767 1181 838 recte,
1279 781 1282 786 ·

377 861 442 926 Aut
465 879 582 940 genero
606 861 663 941 bis,
687 881 763 924 mox
785 869 842 924 aut
864 870 895 925 te
919 870 967 926 ter
989 863 1120 926 consule
1144 867 1250 926 dicam.

785 981 826 1048 13,
845 981 927 1035 32-34

377 1071 469 1150 Quod
492 1071 518 1132 si
541 1069 713 1134 contuleris
736 1077 792 1133 tuo
815 1078 939 1151 poetae,

376 1175 525 1239 Mandem
548 1175 709 1254 perpetuis
732 1175 866 1255 legenda
888 1175 987 1255 fastis,

380 1281 598 1361 Quaecunque
621 1280 754 1359 egregiis
778 1280 860 1360 geris
883 1279 1060 1359 triumphis
1148 1341 1153 1350 ,

332 1385 431 1449 Simili
463 1385 559 1448 modo
591 1385 712 1448 Statius
738 1385 940 1464 imperatoris
975 1386 1145 1449 Domitiani
1178 1405 1229 1450 res
1268 1394 1374 1466 gestas

333 1491 478 1554 versibus
502 1509 536 1554 se
560 1509 631 1554 esse
654 1489 890 1554 celebraturum
913 1491 1082 1568 promittit:
1103 1511 1106 1516 ·

765 1610 812 1663 Th.
831 1609 942 1664 132-34
1048 1618 1051 1626 ’

376 1700 518 1778 Tempus
541 1699 610 1779 erit,
635 1719 708 1763 cum
731 1700 888 1779 laurigero
911 1712 963 1762 tua
987 1697 1098 1763 sortior
1120 1707 1228 1763 oestro

375 1809 468 1867 Facto
491 1827 610 1878 coriam
633 1823 719 1868 nunc
742 1805 838 1868 tendo
861 1803 976 1885 chelyn
999 1805 1077 1866 satis
1101 1827 1187 1866 orm-a
1210 1803 1328 1868 relerre

380 1909 484 1972 Aonia
507 1917 538 1972 et
561 1909 695 1988 geminis
718 1915 880 1987 sceptrum
903 1908 1030 1972 exitiale
1054 1909 1208 1988 tyrannis,

752 2027 818 2082 Ach.
838 2028 849 2079 l
868 2026 902 2081 18
914 2045 954 2096 sq.

429 2203 431 2210 y
671 2117 714 2181 Te
737 2117 832 2197 longo
855 2118 993 2182 necdum
1016 2116 1132 2182 fidente
1155 2113 1302 2196 paratu*

377 2222 525 2287 Molimur
548 2241 746 2303 magnusque
770 2222 826 2285 tibi
849 2222 1005 2301 praeludit
1027 2221 1175 2285 Achilles.

736 2342 763 2394 S.
781 2341 816 2396 lV
834 2340 858 2407 4,
878 2342 958 2397 95-97

379 2433 442 2496 Sed
467 2440 560 2495 vocat
582 2433 762 2494 arcitenens
784 2429 847 2493 alio
870 2438 962 2509 pater
984 2447 1133 2510 armoque
1157 2436 1314 2490 monstrat

379 2543 508 2600 filtronii
530 2537 653 2600 maiora
676 2541 766 2597 drocis.
791 2533 901 2598 Trahit
922 2534 1060 2612 impetus
1083 2533 1135 2595 1110
1219 2572 1222 2582 v

377 2642 441 2704 lam
465 2641 589 2721 pridem
612 2639 807 2720 retrahitque
830 2639 933 2702 timor.

786 2896 810 2963 5,
831 2895 864 2948 16
883 2913 922 2965 sq.

377 2990 544 3054 Laetitiam
568 3007 705 3052 censura
726 2994 845 3066 manet,
870 2981 1034 3066 terrorque
1057 2985 1177 3062 pudore
1230 2978 1233 2982 ’

374 3095 504 3176 Crescit,
529 3103 560 3159 ei
582 3101 673 3158 invita
695 3103 816 3173 superat
838 3098 940 3154 virtute
962 3101 1105 3152 venustos,

773 3213 797 3278 7,
818 3210 932 3266 195-197

375 3307 478 3385 Quam
492 3303 669 3383 pulchrum,
687 3322 761 3365 cum
777 3301 857 3365 lorte
870 3302 1000 3365 domum
1013 3307 1086 3379 post
1096 3298 1197 3362 lustra
1210 3307 1372 3363 revertens

375 3409 512 3472 Horrore
536 3406 715 3486 splenderet
738 3405 816 3485 apri,
840 3411 1004 3486 virtusque,
1019 3423 1201 3483 repugnans

375 3515 528 3578 Proderet
549 3518 672 3576 invitum
694 3528 751 3589 per
773 3509 868 3573 fortia
891 3509 976 3574 lacta
998 3509 1163 3588 pudorem.

734 3629 801 3683 Ach.
820 3629 831 3680 l
849 3626 964 3682 335-337

375 3722 442 3786 Nec
464 3721 584 3785 luctata
606 3721 674 3799 diu;
698 3730 826 3800 superest
848 3738 926 3782 nam
949 3718 1104 3797 plurimus
1127 3717 1169 3779 illi

376 3829 473 3889 Invito
496 3832 599 3888 virtute
622 3830 715 3900 decor,
740 3822 881 3904 fallitque
904 3830 1031 3886 tuentes
1088 3815 1090 3820 ’

374 3930 550 4008 Ambiguus
574 3929 724 4009 tenuique
747 3925 850 3991 latens
874 3927 1056 3990 discrimine
1081 3947 1185 3990 sexus

332 4035 369 4098 V.
394 4035 457 4099 336
473 4039 563 4095 intrita
579 4033 782 4096 scribendum
800 4050 870 4096 esse
885 4031 948 4094 iam
968 4036 1114 4094 Bentleins
1129 4040 1160 4094 ei
1176 4033 1372 4094 Marldondas

330 4139 550 4203 intellexerant
580 4137 648 4201 coll.
677 4138 785 4200 Sidon.
820 4135 920 4214 Apoll.
952 4139 982 4215 5,
1014 4137 1062 4216 17,
1095 4137 1185 4200 codd.
1219 4135 1303 4197 enim
1327 4115 1370 4194 10-

329 4251 404 4306 victc
426 4242 645 4307 exhibuerant.
670 4240 716 4305 Cf.
742 4244 920 4304 Kohlmann.
945 4242 1017 4305 adn.
1043 4243 1109 4305 crit.
1135 4239 1175 4303 ad
1199 4237 1229 4299 h.
1254 4237 1272 4300 1.
