3232 5248
716 964 784 1054 lll.

230 1162 287 1219 IAM
311 1177 431 1220 VERSUS
453 1175 640 1220 ALLATURUS
664 1177 737 1235 SUM,
768 1175 902 1232 QUORUM
926 1173 1045 1217 PRIMAE
1068 1173 1128 1216 VEL
1151 1173 1271 1216 MEDIAE

231 1281 291 1324 VEL
314 1281 484 1325 EXTREMAE
511 1280 633 1325 PARTES
658 1281 784 1324 EAEDEM
813 1280 900 1324 APUD
932 1279 1108 1336 UTRUMQUE
1140 1278 1269 1322 POETAM

658 1385 840 1430 HABENTUR.

707 1557 731 1621 2,
755 1556 789 1609 57
836 1563 838 1568 “

276 1648 380 1725 Quam
403 1653 512 1708 tamen
544 1654 714 1726 angustam
742 1645 880 1724 populus
903 1642 987 1707 saoit.
1021 1647 1088 1705 Itur
1110 1649 1141 1704 tn
1164 1665 1271 1723 aequor

706 1765 730 1831 a,
750 1763 801 1817 387

276 1855 385 1918 Audiit
407 1854 461 1917 illa
483 1861 583 1934 pater,
609 1853 702 1916 simul
725 1853 846 1918 annuit.
872 1857 938 1914 Itur
960 1858 992 1915 in
1014 1856 1114 1915 arbem

647 1974 698 2026 S.I
716 1974 740 2040 4,
760 1973 795 2027 48
813 1990 854 2042 sq.
938 1995 939 1999 ¹

278 2063 315 2126 Et
338 2062 456 2126 ferrum
480 2063 620 2126 mulcere
644 2072 726 2142 toga.
752 2063 805 2126 Sic
828 2070 889 2126 itur
913 2069 942 2125 ia
965 2068 1026 2124 atta

277 2170 413 2231 Pectora

706 2384 731 2450 a,
752 2384 802 2435 112

274 2472 349 2536 Tale
373 2475 576 2552 puerperium
599 2474 746 2554 quotiens
770 2477 884 2534 Lucina
907 2475 1019 2534 resolvit

669 2591 734 2646 Ach.
755 2591 836 2645 1674

275 2681 388 2744 Attulit
410 2688 441 2744 et
464 2690 574 2761 partus
597 2683 691 2745 index
716 2687 832 2744 Lucina
853 2687 966 2744 resolvit

703 2926 727 2988 2,
748 2925 798 2977 130

274 3016 340 3078 lam
364 3023 431 3076 tum
456 3037 538 3076 nosse
560 3019 662 3076 datam
685 3025 735 3093 est,
766 3013 886 3077 laribus
917 3032 991 3075 oum
1023 3012 1103 3076 forte
1125 3013 1266 3091 paternis

670 3132 718 3186 Th.
738 3132 760 3187 V
778 3133 830 3186 343

276 3223 450 3288 Accedunt,
476 3225 553 3286 Post
576 3247 657 3286 nosse
680 3227 781 3285 dutum
803 3233 859 3284 est:
881 3221 1035 3301 Oeagrius
1058 3221 1119 3283 illio

702 3501 726 3565 2,
745 3501 797 3554 223

276 3594 351 3650 Ante
374 3600 470 3651 tanton
493 3609 590 3670 quam
614 3597 645 3653 te
669 3590 794 3654 sooium
817 3588 938 3669 collega
961 3594 1085 3651 crearet

704 3708 729 3773 5,
748 3707 800 3762 596

276 3799 352 3858 Ante
373 3805 468 3857 tantan
491 3797 606 3860 vicisse
630 3796 716 3860 mihi.
741 3796 832 3875 Quod
854 3797 976 3859 lumina
999 3796 1099 3860 flectis
1122 3847 1123 3851 ,

647 3915 871 3983 ffiwfflm·

277 4011 353 4068 Ante
375 4016 472 4068 tomen
496 4013 629 4068 eunetos
654 4006 798 4087 sequitur
820 4005 976 4088 longeque
1000 4006 1159 4070 secundus

276 4109 490 4189 Amphiaraus
513 4110 577 4189 agit

658 4211 706 4265 Th.
726 4212 771 4266 VH
789 4214 840 4268 677

275 4307 351 4365 Ante
374 4315 485 4365 tornea:
508 4303 589 4381 Quid
614 4302 759 4368 femineis
782 4304 964 4384 ululatibuS‚
990 4305 1092 4384 inquit
