3232 5248
309 579 347 642 12

202 831 205 838 ,
306 751 354 814 Ad
371 750 530 814 thalamos
547 769 619 812 curn
636 751 807 824 venissent,
829 751 921 813 novis
937 751 1058 814 maritis
1075 749 1272 830 gratulantur
1279 762 1289 815 ς’

767 852 883 906 131-133

956 943 1102 1007 Feliciter
1124 963 1240 1008 aevum

348 1050 458 1112 Ducite
482 1049 671 1128 concordes;
696 1049 759 1111 sint
781 1049 847 1112 nati
870 1049 996 1130 sintque
1019 1061 1142 1129 nepotes,

349 1153 464 1218 Cernat
489 1163 521 1219 et
543 1155 576 1217 in
598 1173 720 1233 proavo
744 1154 870 1216 sibimet
893 1155 977 1236 qnod
1001 1173 1160 1233 pronepos
1184 1161 1279 1234 optet.

305 1257 350 1321 Cf.
376 1259 415 1320 de
441 1257 569 1321 Baccho
592 1265 623 1321 et
646 1256 791 1336 Apolline
814 1259 865 1337 22,
890 1259 931 1321 22
956 1278 1023 1339 sqq.
1049 1259 1091 1322 66
1115 1278 1183 1339 sqq.

410 1467 531 1531 Statius
546 1465 569 1550 ¹)
601 1467 717 1532 Stellae
747 1467 1009 1550 Violentillaeque
1039 1468 1169 1546 nuptias
1197 1467 1344 1548 celebrat,

305 1572 420 1654 quibus
443 1574 503 1652 ipsi
527 1573 569 1635 dii
592 1574 736 1654 deaeque
759 1571 939 1636 interfuisse
963 1573 1128 1635 dicuntur:

787 1691 866 1746 24-26

349 1783 429 1862 Ergo
452 1788 511 1846 dies
534 1783 645 1846 aderat
668 1785 843 1846 Parcarum
866 1785 1012 1848 conditus
1036 1788 1098 1846 albo

348 1892 462 1967 Vellera
475 1885 500 1971 2)
524 1908 588 1968 quo
606 1888 727 1967 ¹Stellae
751 1887 1014 1970 Violentillaeque
1038 1887 1200 1968 professus

349 1991 549 2056 Clamaretur
571 1994 700 2074 hymen.

304 2097 371 2160 lam
394 2115 477 2179 quae
501 2117 600 2160 causa
617 2106 703 2162 toros
719 2098 914 2179 inopinaque
930 2098 1046 2177 gaudia
1062 2098 1178 2162 Stellae
1195 2099 1344 2179 attulerit,

195 2241 198 2249 -
305 2203 400 2266 Erato
423 2212 551 2282 poetam
574 2204 676 2268 docet.
701 2203 811 2268 Venus
835 2205 919 2267 enim
946 2204 1118 2286 aliquando
1145 2205 1177 2267 in
1204 2204 1346 2266 thalamo

304 2307 431 2372 iacebat
454 2309 533 2372 duro
556 2309 690 2372 Volcani
713 2308 862 2387 amplexu
885 2308 1034 2372 resoluta.

809 2410 843 2464 54

350 2501 466 2564 Fulcra
489 2509 640 2582 torosque
664 2501 742 2564 deae
766 2509 911 2565 tenerum
937 2503 1051 2579 premit
1075 2525 1176 2582 npnren
1192 2506 1344 2563 Aaronem.

783 2622 817 2676 59
836 2639 876 2690 sq.

348 2712 448 2775 Fessa
470 2712 553 2775 iacet
576 2712 692 2791 stratis,
718 2712 773 2774 ubi
797 2713 959 2793 quondam
983 2712 1114 2775 conscia
1138 2711 1250 2790 culpae

349 2821 472 2880 Lemnia
497 2817 654 2896 deprenso
677 2824 846 2895 repserunt
868 2822 983 2880 vincula
1006 2816 1096 2879 lecto.
1113 2814 1138 2898 3)

305 2922 353 2985 nd
378 2939 476 3002 quam
493 2921 594 2983 Amor
609 2921 692 3003 filius
708 2921 831 2984 accedit
846 2930 1009 3002 rogatque,
1027 2930 1062 2983 ut
1077 2921 1205 2983 tandem
1222 2919 1345 2981 iuvenis

304 3027 494 3089 misereatur
506 3033 627 3106 poetae,
642 3026 695 3106 qui
707 3026 825 3104 ingenti
838 3024 1035 3089 Violentillae
1047 3033 1158 3103 captus
1175 3025 1214 3085 sit
1226 3042 1345 3086 amore.

785 3126 866 3180 79-84

349 3217 408 3279 Ast
431 3218 515 3281 illam
541 3236 668 3279 summa
690 3216 802 3280 leviter
826 3217 886 3299 (sic
909 3235 1048 3297 namque
1072 3212 1218 3296 iubebas)

347 3321 507 3399 Lampade
527 3331 680 3401 parcentes
702 3328 734 3383 et
756 3321 849 3384 inerti
872 3321 1057 3383 strinximus
1080 3318 1198 3402 arcnl)

306 3475 325 3544 1)
345 3475 383 3529 Cl.
404 3475 497 3528 Claud..
517 3475 599 3543 epith.
619 3475 688 3528 Hon.
708 3481 734 3529 et
752 3476 819 3529 Mar.

306 3563 326 3632 2)
346 3563 410 3616 Silv.
429 3563 463 3614 ΙΙΙ
476 3562 497 3628 1,
508 3562 541 3614 55
552 3563 664 3630 Iamque
674 3566 730 3617 dies
741 3565 846 3630 aderat;
857 3564 880 3632 2,
893 3564 942 3618 127
952 3562 1021 3631 Ergo
1035 3563 1085 3617 erit
1099 3566 1149 3617 illa
1159 3566 1232 3628 etiem

340 3651 418 3718 Verg.
438 3650 468 3702 A.
488 3649 524 3701 IX
538 3651 587 3704 107
602 3667 642 3718 sq.
656 3650 724 3719 Ergo
737 3652 832 3704 ederat
844 3651 982 3720 promissa
994 3653 1059 3716 dies,
1074 3656 1100 3704 et
1110 3656 1234 3720 tempora
1245 3650 1345 3704 Parcae

653 3739 749 3792 Debita
768 3739 946 3808 complerant.

340 3825 446 3878 Seneca
463 3824 541 3878 Herc.
562 3825 612 3878 fur.
632 3826 691 3880 875.
711 3825 804 3881 Octav.
824 3826 876 3879 669
895 3844 934 3894 sq.

305 3913 326 3982 ³)
345 3911 392 3964 Th.
413 3911 447 3962 Ill
466 3909 524 3966 274.
544 3911 602 3966 Hoc
621 3914 688 3966 mihi
701 3916 861 3968 Lemniacae
881 3915 914 3969 de
933 3919 959 3968 te
979 3930 1103 3967 meruere
1122 3917 1251 3965 culpetne?

340 3999 386 4052 Vll
404 3998 438 4051 62
458 4016 496 4067 sq.
511 4031 543 4038 -
559 4001 678 4052 noudum
697 4001 780 4054 radiis
798 4005 968 4055 monstratus
988 4001 1094 4054 adulter

546 4088 639 4141 Foeda
657 4096 778 4141 caterinen
796 4090 885 4142 luerat
903 4089 1021 4142 conubia
1039 4089 1116 4142 lecto.

340 4174 434 4228 Markl.
454 4175 591 4244 deprenso
604 4207 634 4212 —
647 4175 719 4228 furto
733 4175 886 4229 coniecerat
899 4175 959 4229 coll.
979 4175 1072 4228 Sidon.
1086 4194 1110 4228 v.
1124 4175 1165 4227 aa
1180 4205 1212 4211 —
1227 4173 1346 4241 Scriptu-

339 4280 398 4316 ram
418 4263 546 4316 traditam
566 4263 669 4330 „lcct0“
683 4263 833 4316 tenendam
847 4278 909 4316 esse
922 4264 1007 4317 duco:
1027 4263 1097 4316 stud.
1111 4261 1224 4315 vindob.
1245 4260 1268 4311 Il
1286 4259 1345 4312 313.

304 4351 326 4419 ⁴)
345 4351 409 4403 Silv.
429 4349 451 4404 V
469 4349 493 4414 4,
514 4350 547 4402 10
565 4350 698 4403 Praeterit
716 4355 742 4402 et
755 4350 843 4416 gelido
855 4353 945 4416 percit
963 4350 1095 4404 miserata
1111 4350 1226 4415 [inpelle.
