3232 5248
326 527 369 590 56

720 710 972 779 mmmm

342 798 343 802 ’
375 805 479 868 Aedes
503 803 589 866 celsa
612 803 692 865 nitet
714 820 774 864 nec
798 802 831 863 in
854 801 1018 864 sinistrum

371 908 435 970 Aut
456 907 604 970 dextrum
627 904 774 982 trahitur,
798 887 855 968 sed
879 923 953 967 aree
978 903 1090 967 frontis

371 1016 474 1074 Ortum
495 1017 635 1090 prospicit
658 1009 935 1091 aequinoctialem.

375 1116 409 1197 [E
432 1115 643 1194 descriptione
667 1114 759 1178 villae
783 1114 990 1177 Surrentinae
1015 1113 1103 1177 Pollii
1127 1115 1238 1178 Felicis

678 1239 681 1242 ·
743 1233 770 1286 s
783 1232 806 1285 11
823 1234 847 1300 a,
867 1220 959 1300 45-49]
1011 1245 1019 1262 ¹

934 1323 1023 1386 Haec
1045 1324 1160 1386 domus
1184 1336 1266 1386 ortas

376 1434 489 1508 Aspicit
512 1437 543 1494 et
567 1427 689 1491 Phoebi
713 1436 859 1491 tenerum
882 1428 988 1506 iubar3
1014 1428 1067 1492 illa
1090 1434 1234 1492 cadratam

374 1535 499 1597 Detinet
522 1541 734 1614 exactamque
757 1532 1034 1612 negatdimittere
1057 1533 1171 1614 lucem,

372 1637 453 1700 Cum
476 1639 540 1700 iarn
564 1637 649 1701 fessa
672 1642 732 1700 dics
755 1645 786 1700 et
809 1638 842 1700 in
866 1656 1008 1718 aequora
1031 1640 1149 1702 montis
1173 1640 1265 1717 opaci

375 1741 496 1806 Umbra
519 1743 604 1805 cadit
626 1743 791 1822 vitreoque
814 1748 927 1804 natant
951 1744 1111 1819 praetoria
1134 1752 1241 1822 ponto.

748 1883 954 1893 -ῤ--σ-ἣ

759 1969 937 2035 mmm

373 2057 462 2121 Haec
484 2076 541 2136 per
563 2065 735 2121 stemmata
757 2066 787 2122 te
812 2060 889 2122 satis
912 2066 1084 2138 potentem,

296 2169 298 2175 ‘
374 2163 500 2226 Morum
523 2163 660 2226 culmine
685 2164 740 2226 sed
764 2164 975 2242 potentiorem

374 2271 441 2329 Noc
458 2273 570 2347 possim
593 2275 697 2332 roerita
719 2291 825 2331 sonare
847 2273 947 2330 laada:

373 2367 432 2432 Nec
453 2377 480 2434 si
501 2394 544 2432 me
567 2371 702 2452 Odrysio
726 2391 847 2435 canens
870 2373 902 2434 in
926 2380 1027 2451 antro,

375 2477 445 2554 Qua
467 2475 531 2538 late
554 2476 787 2554 trepidantibus
810 2477 938 2540 fluentis

375 2579 492 2644 Cautes
515 2600 572 2660 per
586 2576 751 2645 'Ciconum
773 2581 908 2645 resultat
930 2582 1066 2660 Hebrus,

375 2683 529 2764 Princeps
552 2685 742 2749 instituisset
764 2684 814 2749 ille
837 2694 958 2749 vatum.

750 2805 957 2873 samm

375 2899 453 2974 Noa,
476 2901 549 2958 cciii
569 2903 596 2959 si
619 2897 757 2960 cunctos
775 2895 908 2960 Helicon
931 2883 1094 2976 indulgeat
1116 2916 1238 2968 amnes,

375 3001 413 3063 Et
435 3008 566 3078 superet
589 3000 699 3080 Piplea
721 3001 807 3063 sitim
830 3000 980 3082 largeque
1004 2999 1141 3064 volantis

376 3105 500 3184 Ungula
523 3124 558 3168 se
581 3106 637 3169 det
656 3107 730 3188 equi
753 3114 937 3187 reseretque
961 3105 1082 3176 arcana
1106 3105 1238 3184 pudicos

377 3208 562 3273 Phemonoe
586 3209 691 3274 sontes
714 3210 764 3274 vel
787 3231 869 3292 quos
892 3229 983 3275 meus
1008 3211 1139 3289 auspice
1163 3209 1293 3272 Phoebo

375 3313 478 3376 Altius
501 3315 640 3378 inmersa
663 3316 804 3379 turbavit
827 3316 945 3380 Pollius
969 3335 1060 3395 urna,

377 3419 567 3482 Innumeras
591 3426 700 3482 vaiecra
725 3421 849 3499 species
873 3420 1042 3501 cultusque
1064 3420 1208 3483 locorum

376 3527 483 3586 Pieriis
506 3547 631 3605 aequare
652 3530 755 3588 orodis.

763 3723 1033 3816 mmm·'

377 3838 494 3916 Quales
518 3857 578 3902 nec
601 3846 724 3902 statuas
747 3841 965 3921 imaginesque

376 3947 451 4004 Aere
474 3951 530 4006 aut
552 3949 748 4007 marmoribus
771 3949 974 4025 coloribusque

376 4047 511 4128 Mentor,
536 4053 710 4126 Pricaeus,
735 4049 857 4128 Scopas
881 4049 1048 4127 dederunt,

377 4155 521 4232 Quantas
544 4170 604 4216 nec
624 4157 785 4234 Polycletus
808 4137 876 4232 ipse
899 4153 998 4230 finxit,

355 4257 444 4320 Nee
466 4258 500 4320 fit
524 4262 664 4320 Phidiaco
684 4263 782 4338 lipara
805 4263 889 4319 cocio.
