3232 5248
645 738 693 793 Th.
712 737 758 792 Vll
778 739 895 794 628630

297 829 390 892 Nune
413 854 464 911 age
488 836 601 893 Pieriae
624 867 666 874 -
689 848 754 892 non
778 849 836 892 vos
859 827 1041 912 longinqua,
1066 850 1203 913 sororem

299 932 502 996 Consuiimus
527 969 565 979 —
591 941 715 998 vestras
739 933 825 996 acies
847 941 1055 1016 vestramque
1078 934 1192 1000 referte

298 1037 444 1102 Aoniam.
701 1023 705 1032 ¹

676 1155 702 1208 s,
722 1155 775 1223 12,
795 1155 876 1209 rii-49

300 1247 363 1310 Sed
387 1265 469 1329 quae
493 1253 694 1309 causaturos
717 1245 911 1327 inopinaque
934 1247 1050 1326 gaudia
1072 1249 1138 1311 vati

300 1350 422 1432 Attulit,
446 1351 499 1414 hic
522 1369 659 1430 meeum,
684 1350 760 1412 dum
784 1349 907 1413 fervent
930 1352 1056 1430 agmine
1081 1361 1188 1431 postes

297 1456 451 1537 Atriaque
475 1463 507 1520 et
529 1454 638 1518 multa·
652 1454 820 1533 pulsantur
842 1453 952 1518 limina
975 1456 1073 1537 virga,

297 1560 365 1640 Hie,
389 1564 481 1622 Erato
504 1560 652 1639 iocunda,
677 1558 765 1622 doce.

694 1836 736 1901 22,
756 1835 790 1888 29
809 1851 849 1902 sq.

766 1923 840 1986 Fert
862 1931 989 2002 tempus
1012 1931 1185 2006 utrumque

307 2035 386 2092 Veris
409 2053 476 2110 opes
498 2029 673 2110 rutilosque
695 2034 765 2109 ligat
788 2029 950 2091 vindemia
970 2033 1066 2107 floreo.

659 2146 725 2201 net.
745 2147 756 2197 1
774 2147 826 2200 aaa
845 2163 885 2215 sq.

240 2295 242 2300 .
297 2238 447 2302 Exierant
469 2239 546 2302 dare
569 2243 642 2300 veru
665 2260 732 2316 opes
754 2236 911 2318 divaeque
934 2255 1065 2301 severas

296 2343 421 2406 Fronde
444 2348 536 2424 lipare
558 2361 668 2405 eomas*
692 2348 724 2404 et
747 2359 896 2420 spargere
916 2346 1037 2420 floribus
1060 2341 1197 2406 hastam.

697 2619 739 2684 22,
759 2617 840 2672 37-39

298 2705 495 2785 Bassaridas,
520 2705 661 2787 Saipros³
687 2709 793 2770 Panas
815 2708 1007 2788 Faunosque
1030 2707 1166 2771 docebat

296 2809 418 2874 Ludere
441 2809 566 2874 Silenus
589 2811 654 2873 iam
676 2819 793 2874 tramine
811 2819 918 2892 plenus
941 2817 1068 2891 durana,

297 2915 360 2979 Sed
384 2923 530 2994 comptus
554 2922 662 2979 tamen
685 2915 735 2978 ilie
759 2926 864 2994 caput.

713 3036 755 3101 22,
774 3035 827 3088 220

295 3125 354 3188 Hic
375 3130 483 3188 multus
506 3133 541 3188 tu
562 3131 660 3204 frater·
683 3125 755 3189 eris,

667 3245 694 3298 s,
707 3245 741 3296 ΠΙ
755 3246 777 3311 1,
792 3245 873 3299 39-42

295 3335 435 3396 Pacatus
459 3333 607 3415 mitisque
631 3335 704 3397 veni
727 3353 787 3398 neo
810 3334 956 3396 turbidus
979 3334 1028 3396 ira

294 3437 361 3502 Neo
384 3435 539 3502 famulare
563 3439 689 3519 fimena,
715 3439 771 3503 sed
795 3457 891 3521 quem
914 3447 945 3502 te
968 3438 1123 3502 Maenalis
1147 3439 1236 3520 Auge

296 3541 484 3606 Confectum
507 3544 629 3626 thyasis
652 3554 684 3609 et
706 3551 794 3611 inulto
816 3551 913 3623 fratre
935 3551 1095 3609 madentem

295 3648 443 3710 Detinuit.

666 3755 872 3762 ---.---.

366 3876 420 3955 [De
443 3876 566 3954 porticu
589 3876 682 3956 burgi
704 3878 809 3940 Pontii
832 3877 955 3941 Leontii
991 3896 1032 3961 22,
1054 3881 1178 3961 154-157]

294 3981 367 4058 Ipsa
389 3985 464 4043 diem
486 3991 588 4043 uatum
611 3989 702 4044 cernit
725 3983 904 4047 sinuamine
927 3983 1049 4064 dextro,

242 4128 246 4136 -
295 4085 412 4149 Fronte
434 4091 532 4148 uidens
555 4086 705 4165 medium,
729 4086 822 4151 laevo
845 4093 946 4151 uisura
970 4094 1123 4152 cadentem.

293 4189 366 4254 Non
389 4191 491 4270 perdit
514 4191 686 4274 quiequam
709 4193 793 4256 trino
817 4193 856 4258 de
880 4194 1010 4258 cardine
1034 4195 1114 4258 oaeli

293 4294 330 4357 Et
353 4302 454 4358 totum
479 4295 579 4360 solem
603 4297 713 4361 lunata
736 4317 792 4376 per
815 4299 896 4362 atria
920 4307 1035 4363 servat.
