3232 5248
774 727 896 795 amm

963 818 1030 881 Ialn
1048 829 1136 897 paler
1160 842 1249 880 uitreo

363 929 550 1006 'll-anquillus
572 941 643 986 sese
666 927 735 984 solio
758 927 849 998 locat;
873 926 940 984 inde
963 922 1085 1000 priores

358 1035 513 1095 Consedere
535 1033 588 1090 dei.
614 1030 725 1088 Fluviis
747 1044 874 1107 quoque
897 1027 1026 1106 contigit
1048 1026 1101 1089 illo

358 1136 421 1199 Sed
444 1134 575 1198 senibus
599 1132 737 1194 residere
761 1130 841 1194 loco.

729 1250 802 1304 Tnl
821 1251 937 1306 201-208

624 1423 626 1430 Α
782 1341 894 1404 mediis
917 1359 988 1404 sese
1012 1341 1132 1403 arduus
1154 1340 1248 1405 infert

356 1449 425 1526 lpse
448 1453 517 1527 deis,
542 1445 666 1525 placido
689 1445 836 1527 quatiens
859 1453 968 1510 tamen
991 1445 1100 1509 omnia
1123 1445 1222 1525 vultu,

356 1555 550 1631 Stellunlique
573 1557 647 1612 locat
669 1555 754 1622 solia·
777 1567 838 1613 nee
862 1551 1006 1628 protinus
1030 1552 1100 1613 ausi

358 1654 544 1735 Caelicolae,
568 1655 697 1718 veniam
720 1655 822 1717 donec
839 1665 928 1734 pater
951 1656 1019 1733 ipsc
1042 1655 1172 1718 sedendi

360 1763 534 1842 llanquilla
557 1759 645 1824 iubet
666 1777 738 1822 esse
761 1777 869 1821 manu.
894 1763 968 1821 Moe
992 1760 1087 1822 turba
1109 1779 1264 1840 vagorum

357 1864 541 1928 Semideum
566 1873 597 1927 el
621 1864 754 1926 summis
778 1864 905 1942 cognati
928 1863 1067 1927 nubibus
1090 1887 1189 1927 cinnes

356 1967 394 2030 El
417 1985 608 2048 compressa⁴
625 1979 712 2060 melu
736 1975 902 2030 servanles
925 1987 1090 2031 murmura
1114 1970 1198 2031 venti

355 2079 458 2136 Aurea
480 2081 563 2136 tecla
586 2072 718 2152 replent.

770 2262 895 2330 amm

356 2355 478 2433 Testor,
504 2360 615 2416 sancle
638 2371 766 2432 parens,
784 2353 902 2434 inquil,
927 2360 967 2431 le,
992 2370 1112 2415 numen
1135 2361 1166 2416 el
1189 2352 1264 2415 illud

356 2457 514 2537 Quidquid
538 2455 642 2518 Roma
665 2455 719 2533 fui,
743 2479 854 2519 summ
878 2457 955 2518 salis
978 2457 1094 2520 obrula
1114 2461 1178 2535 fato

356 2561 483 2624 Invideo
507 2561 648 2624 abiectis.
674 2561 804 2623 Pondus
827 2580 893 2624 non
916 2562 1052 2627 sustinet
1075 2561 1171 2640 ampli

307 2689 312 2698 ’
356 2664 509 2729 Culminis
533 2672 604 2728 arla
626 2666 751 2746 domuS,
775 2684 835 2729 neo
856 2670 967 2744 sulczen
990 2666 1125 2730 vallibus
1149 2673 1246 2729 instat.

751 2784 908 2852 mmmm

356 2876 472 2954 lupiler
494 2877 556 2938 isla
578 2874 686 2939 refert:
711 2879 829 2955 Pallan,
853 2896 916 2958 quo
939 2884 1055 2940 cuncta
1078 2889 1239 2956 reguntur,

356 2981 489 3062 Quoque
513 3001 581 3062 ego,
606 3002 672 3045 non
694 2982 782 3046 licuit
805 2982 921 3062 frang13
946 2991 996 3046 sal
1019 2989 1093 3045 celsa
1115 2982 1262 3046 laborant

357 3087 500 3166 Semper,
526 3094 557 3150 el
580 3087 681 3150 elalas
704 3095 814 3150 nostro
837 3088 877 3150 de
900 3105 1033 3152 munere
1056 3089 1141 3150 vires

355 3191 468 3254 lnvidil
490 3189 618 3255 fortuna
641 3191 710 3255 sibi.
721 3189 741 3276 ¹)

726 3308 935 3377 suqmm

356 3392 381 3462 Ο
406 3416 523 3462 saevae
546 3399 680 3461 nimium
704 3419 881 3481 gravesque
905 3401 1038 3464 Parcae!

357 3501 382 3566 Ο
406 3523 582 3584 numquam
605 3503 680 3566 dala
703 3504 797 3583 longa
817 3510 885 3583 fala
907 3510 1046 3568 scamma!

356 3605 420 3670 Cur
443 3608 523 3687 plus
548 3614 656 3688 ardica,
681 3610 810 3674 casibus
834 3611 971 3689 patetis?

356 3710 420 3775 Cur
443 3731 542 3776 saeva
563 3714 633 3776 vice
656 3733 861 3794 magnanon
884 3714 1077 3779 senescunt?

726 3836 753 3889 S.
763 3835 785 3887 ll
798 3835 819 3902 1,
831 3835 882 3890 224
894 3853 933 3904 sq.

355 3920 422 3984 Nos
446 3921 563 4002 miseri,
589 3925 705 4005 quibus
728 3927 812 3990 unde
836 3928 903 3990 dies
926 3945 1086 4006 suprema,
1112 3927 1183 4007 quis
1206 3926 1276 3988 aevi

356 4027 476 4107 ExiluS,
501 4028 668 4102 incertum,
694 4032 811 4112 quibus
834 4038 918 4094 instet
938 4037 1049 4110 fiumen
1073 4032 1114 4095 ab
1138 4033 1242 4095 astris

729 4191 779 4196 --.
784 4191 934 4198 ——-—-.

313 4239 517 4246 -—-..-—-

312 4287 332 4354 ¹)
352 4286 390 4339 Cf.
411 4287 517 4340 Seneca
535 4287 650 4340 Phaedr.
672 4287 738 4340 1122
758 4305 814 4355 sqq.
