3232 5248
682 825 684 828 ,
706 766 821 821 raa-427

288 881 346 943 Hic
369 896 445 940 mox
467 876 622 956 praecipit
645 893 767 957 aequus
790 876 966 954 imperator

289 983 407 1046 Palmis
431 982 543 1060 serica,
567 980 735 1061 torquibus
758 983 895 1042 cor'onas

289 1087 454 1166 Coniungi,
479 1093 511 1150 et
533 1084 682 1148 meritum
705 1085 913 1162 remunerari,
934 1109 937 1113 ·

289 1198 376 1256 Victis
397 1198 441 1254 ire
462 1195 561 1252 iubatus
584 1189 662 1252 satis
685 1188 841 1267 pudendis

289 1296 377 1359 Villis
400 1293 647 1358 versicoloribus
671 1301 805 1372 tapetas.
820 1279 843 1374 ¹⁸)

349 1401 384 1463 ln
406 1398 586 1462 Thebaidos
608 1398 689 1461 libro
704 1399 745 1461 Vl
761 1399 938 1461 certamina
953 1398 1186 1477 describuntur,
1204 1415 1287 1477 quae

247 1506 443 1571 Archemoro
467 1513 593 1569 mortuo
617 1505 657 1568 ab
681 1505 806 1584 Argivis
829 1505 914 1568 edita
937 1512 1019 1567 sunt.

707 1640 822 1693 394423

289 1733 340 1796 Nil
363 1733 463 1795 fixum
486 1731 588 1795 cordi:
608 1743 746 1813 pugnant
769 1732 856 1795 exire
874 1741 1056 1812 paventque,

290 1837 458 1902 Concurrit
481 1856 625 1901 summos
649 1838 820 1901 animosum
843 1836 941 1916 frigus
965 1837 998 1899 in
1021 1845 1119 1901 artus
1250 1853 1288 1893 ³⁹⁵

290 1944 351 2022 Qui
373 1943 520 2022 dominis
544 1943 629 2006 idern
652 1943 747 2005 ardor
770 1948 867 2022 eptam
890 1939 960 2004 face
985 1929 1107 2004 lumina
1130 1949 1272 2022 surgunt,

181 2033 185 2040 ⁵
292 2051 352 2107 Ora
376 2054 492 2109 sonant
515 2065 634 2125 morsu,
660 2047 846 2127 spumisque
870 2053 901 2109 et
924 2046 1078 2124 sanguine
1103 2044 1223 2109 terrum

291 2148 408 2218 Uritur,
432 2149 548 2227 inpulsi
571 2158 736 2230 nequeunt
757 2150 913 2213 obsistere
936 2157 1044 2229 postes

291 2255 502 2334 claustraque,
528 2271 722 2331 conpressae
745 2251 937 2316 transfumat
959 2252 1118 2316 anhelitus
1141 2253 1217 2316 irae.

291 2358 383 2422 Stare
407 2357 487 2420 adeo
511 2358 663 2421 miserum
686 2365 743 2438 est,
768 2365 902 2436 pereunt
924 2357 1058 2436 vestigia
1081 2356 1164 2420 mille
1250 2373 1290 2412 40⁰

291 2463 375 2526 Ante
398 2461 515 2542 lugam,
541 2466 750 2544 absentemque·
762 2461 834 2526 ferit
850 2463 955 2542 gravis
972 2461 1092 2542 ungula
1109 2459 1288 2544 comparat)
1388 2481 1390 2486 ·

292 2567 507 2631 Circumstant
530 2568 592 2648 fidi,
618 2585 785 2649 nexusque
808 2575 840 2630 et
862 2577 939 2630 torta
961 2570 1098 2629 iubarum

293 2671 470 2750 Expediunt
491 2672 682 2754 firmantque
706 2674 831 2736 animos
854 2680 886 2735 et
908 2671 1045 2750 plurima
1068 2681 1255 2737 monstrant.

335 2777 477 2840 lnsonuit
500 2784 612 2844 contra
634 2776 833 2858 Tyrrhenum
857 2797 1010 2858 murmur,
1035 2785 1068 2841 et
1089 2795 1202 2841 omnes

292 2881 439 2949 Exiluere'
461 2880 542 2944 loco.
567 2882 656 2959 Quae
679 2889 803 2944 tantum
828 2881 1095 2959 carbasa'pontO,
1249 2898 1289 2938 405

260 3025 264 3032 .
294 2988 384 3066 Quae
407 2985 490 3050 bello
514 2985 560 3048 sic
584 2985 648 3049 tela
670 2985 789 3065 volant,
814 3004 897 3066 quae
921 2984 1031 3048 nubila
1054 2984 1165 3049 caelo?
1339 2973 1342 2978 ⁵

291 3092 448 3155 Amnibus
471 3090 614 3154 hibernis
639 3092 744 3154 minor
767 3098 824 3164 est,
850 3089 954 3152 minor
976 3096 1099 3170 trapetas
1122 3092 1195 3170 igni,

293 3197 427 3260 Tardius
450 3208 534 3259 astra
557 3201 674 3275 codron,
697 3195 915 3275 glomerantur
937 3195 1059 3258 tardius
1083 3195 1209 3259 imbres.

248 3365 252 3372 ,
293 3302 438 3383 [Tardius
460 3321 478 3366 e
501 3319 627 3366 summo
650 3301 823 3364 decurrunt
846 3299 979 3363 flumina
1002 3302 1132 3382 monte]

336 3408 478 3470 Emissos
501 3407 610 3470 videre
634 3414 730 3488 atque
754 3424 914 3486 agnovere
938 3405 1072 3486 Pelasgi.
1248 3424 1289 3462 no

226 3591 228 3594 Ι
292 3513 329 3575 Et
351 3519 412 3576 ium
433 3513 517 3591 rapti
541 3517 640 3592 oculis,
664 3513 729 3576 iam
753 3531 852 3575 caeco
869 3517 990 3592 perlaeta
1013 3512 1103 3574 mixti

292 3617 363 3680 Una
384 3618 417 3679 in
440 3617 533 3679 nube
548 3616 656 3696 latent,
681 3617 849 3698 vultusque
873 3616 1043 3680 umbrante
1066 3617 1203 3679 tumultu

293 3719 352 3781 Vix
376 3720 458 3782 inter
480 3738 550 3782 sese
572 3719 712 3784 clamore
736 3728 767 3783 et
789 3720 918 3783 nomine
942 3726 1088 3782 noscunt.

294 3822 446 3886 Evolvere
470 3823 606 3904 globum,
632 3832 663 3887 et
686 3825 790 3910 spatio
814 3844 878 3905 quo
901 3825 1036 3905 quisque
1059 3823 1188 3887 valebat

292 3928 415 3991 Diducti
439 3927 536 4013 (delet
558 3933 651 3992 sulcos
673 3929 789 3991 iterata
812 3930 933 4008 priores
1250 3946 1288 3986 415

292 4035 409 4109 Orbita)
432 4051 518 4096 nunc
542 4033 627 4098 aridi
645 4056 742 4112 prono
764 4033 839 4113 iuga
861 4041 990 4112 pectore
1013 4041 1156 4114 tangunt,

292 4136 386 4200 Nunc
409 4145 571 4217 pugnante
595 4156 678 4218 genu
704 4146 735 4202 et
759 4139 876 4217 pressis
900 4143 1089 4219 duplicantur
1111 4143 1238 4202 habenis.

253 4344 272 4415 ¹)
290 4345 358 4399 Aen.
378 4345 400 4399 V
419 4343 470 4399 249
489 4362 546 4413 sqq.
567 4345 588 4415 l)
607 4343 647 4398 Cs.
667 4345 714 4400 Th.
734 4346 756 4398 ll
776 4346 834 4400 133.
854 4345 912 4399 687.
932 4345 1042 4399 111569.

1169 4432 1185 4482 2
