3232 5248
1264 579 1297 649 1'1

311 764 510 844 Hippodame
534 763 633 842 ceras,
659 779 760 842 cycno
783 757 855 824 love
878 769 955 824 nata
978 780 1139 824 coronam.

306 869 386 931 Huic
409 868 486 930 Dido
510 867 542 929 in
565 865 693 946 ferrum,
719 864 812 927 simul
834 866 867 927 in
891 865 1063 943 suspendia
1086 864 1212 945 Phyllis,
1278 881 1304 920 το
1381 932 1384 936 ,

308 973 438 1036 Euadne
462 957 673 1050 inflammas,
698 978 730 1033 et
752 969 872 1033 Sestias
895 970 972 1032 isset
995 970 1027 1032 in
1050 971 1162 1032 undas.
1186 1053 1188 1056 Ι
1254 1053 1256 1056 ¹

307 1079 363 1141 His
386 1078 467 1140 haec
489 1081 541 1138 rua
563 1080 653 1154 refert

267 1182 469 1262 puellamque
492 1181 626 1243 summis
650 1180 739 1243 effert
760 1179 921 1242 laudibus:

743 1351 824 1404 86-92

224 1517 227 1520 .
281 1515 282 1519 ,
310 1463 353 1525 Te
378 1477 507 1542 quoque
529 1458 724 1525 multimodis
748 1465 881 1522 uoluisset
903 1460 1007 1524 Iberia
1028 1459 1119 1539 ludiS,
1196 1517 1198 1525 .

311 1567 380 1630 Axe
404 1565 529 1644 Pelops,
554 1584 650 1627 cursu
673 1565 898 1644 Hippomenes,
923 1565 1072 1650 luctaque
1089 1563 1259 1646 Achelous,

309 1672 436 1734 Aeneas
460 1669 559 1740 bellis,
584 1676 747 1747 spectatus
770 1669 917 1748 Gorgone
940 1671 1086 1734 Perseus.

309 1777 375 1839 Nec
399 1775 503 1838 minor
525 1773 606 1837 haec
629 1774 761 1852 speclea,
787 1775 881 1837 toties
904 1775 957 1838 oui
982 1779 1095 1855 Iupiter
1118 1785 1202 1841 esset

309 1880 404 1961 Delia,
430 1889 551 1960 tauruS,
569 1879 645 1960 olor,
664 1888 800 1960 satyrus,
818 1879 924 1960 draco,
942 1879 1063 1944 fulmen
1086 1889 1117 1946 et
1140 1906 1257 1946 aurum.

314 1987 419 2064 Quare
443 2004 510 2065 age,
535 1986 720 2064 iungantur:
744 2004 821 2047 uam
844 2009 954 2065 census,
978 1985 1082 2050 forma
1098 2006 1262 2068 genusque

311 2088 528 2166 Conveniunt;
552 2089 596 2151 nil
618 2089 671 2150 hic
694 2089 803 2167 dispar
826 2098 881 2153 tua
904 2090 971 2153 fixit
994 2093 1127 2156 arundo.

266 2195 322 2257 His
345 2194 437 2256 dictis
454 2212 582 2255 currum
599 2213 693 2256 suum
710 2195 895 2256 conscendit
911 2195 1260 2273 magnificentissimum
1277 2204 1308 2260 et

736 2363 786 2417 108
799 2381 839 2432 sq.

626 2473 715 2550 pasci
739 2481 848 2536 suetos
871 2492 927 2552 per
951 2473 1079 2554 Cypron
1102 2480 1192 2538 olores

311 2577 432 2639 Vittata
455 2577 578 2655 stringit
601 2588 714 2658 myrto,

268 2700 334 2743 una
357 2700 431 2742 cum
453 2680 516 2742 lilio
540 2682 581 2743 ad
603 2682 767 2746 Ruricium
791 2684 996 2762 proficiscens
1019 2685 1218 2768 lberiamque

730 2853 843 2906 113-123

314 2962 372 3020 Hu
395 2958 507 3036 triplex
532 2977 597 3021 uno
622 2960 792 3022 comitatur
815 2963 916 3040 gratia
939 2981 1033 3044 nexu,

314 3067 371 3125 Hic
395 3063 514 3126 redolet
537 3062 646 3142 patulo
670 3062 816 3127 fortunae
840 3067 933 3144 copia
956 3087 1065 3148 cornu,

312 3171 369 3229 Hic
391 3169 512 3248 spargit
535 3168 670 3231 calathis
694 3171 750 3233 sed
773 3171 869 3234 flores
892 3172 987 3236 Flora
1010 3192 1175 3255 perennes,
1269 3193 1307 3231 1¹⁵

312 3275 369 3334 Hic
392 3271 540 3337 Cererem
565 3273 706 3337 Siculam
730 3274 866 3339 Pharius
890 3279 1060 3342 comitatur
1083 3279 1188 3360 Osiris,

312 3379 370 3436 Hic
392 3377 540 3454 gravidos
563 3379 710 3442 Pomona
733 3380 821 3442 sinus
845 3400 902 3460 pro
925 3391 1068 3462 tempore
1092 3393 1206 3465 portat,

313 3485 370 3542 llic
392 3482 497 3545 Pallas
521 3485 656 3547 madidis
679 3486 766 3548 venit
789 3487 871 3549 inter
893 3489 981 3566 prela
1004 3491 1144 3568 trapetis.

313 3589 370 3646 Hic
391 3577 541 3651 distincta
562 3588 645 3651 lalus
668 3597 816 3653 ruuculosa
838 3597 955 3656 nebride
977 3593 1095 3675 Thyias

312 3690 419 3752 ludica
441 3692 593 3754 Echionio
617 3695 737 3758 Bromii
759 3704 844 3758 rotat
866 3699 955 3777 orgia
976 3698 1095 3780 thyrs0,
1273 3717 1309 3754 120

314 3796 371 3854 Hic
394 3803 424 3858 et
448 3795 548 3874 Sigeis
572 3799 732 3875 specubus
756 3801 810 3880 qui
833 3801 989 3882 Dindyma
1011 3803 1098 3884 ludit,

313 3896 378 3958 lam
403 3908 509 3961 seclus
532 3900 651 3964 recalet
674 3901 827 3983 Corybas,
853 3907 903 3968 cui
927 3916 1052 3986 gutture
1075 3928 1153 3972 ravo

313 4002 418 4080 ignem
443 4021 499 4080 per
521 4002 638 4068 bifores
661 4019 808 4088 repemuot
831 4027 911 4072 cava
934 4011 1021 4074 buxa
1043 4036 1191 4076 cavernas.
1206 4010 1228 4095 ¹)

276 4279 294 4348 ¹)
319 4279 357 4333 Cl.
384 4297 454 4348 quae
483 4281 516 4333 de
541 4281 594 4336 boo
618 4299 700 4336 versu
728 4285 800 4339 infra
829 4286 952 4340 dicentur
979 4305 1000 4340 s
1029 4306 1053 4340 v.
1077 4305 1195 4356 regemo,
1224 4307 1249 4358 p.
1275 4291 1308 4342 77

304 4367 339 4418 ad
357 4368 381 4434 5,
397 4367 450 4418 494
466 4384 523 4436 sqq.
543 4387 568 4438 p.
588 4369 630 4423 35.
650 4375 684 4425 et.
